@STRING{ijnmf = "Int. {J}. {N}umer. {M}ethods {F}luids"}
@STRING{ijnme = "Int. {J}. {N}umer. {M}ethods {E}ngrg."}
@STRING{ijss  = "Int. {J}. {S}olids and {S}tructures"}
@STRING{jasa  = "J. {A}coust. {S}oc. {A}m."}
@STRING{jcp   = "J. {C}omput. {P}hys."}
@STRING{jap   = "J. {A}pp. {P}hys."}
@STRING{pr    = "Phys. {R}ev."}
@STRING{prb   = "Phys. {R}ev. {B}"}
@STRING{jsv   = "J. {S}ound and {V}ibration"}
@STRING{cs    = "Computers and {S}tructures"}
@STRING{cp    = "Computers in {P}hysics"}
@STRING{jcg   = "Journal of {C}rystal {G}rowth"}
@STRING{cm    = "Computational {M}echanics"}
@STRING{ec    = "Eng. {C}omput."}
@STRING{efm   = "Engineering {F}racture {M}echanics"}
@STRING{eesd  = "Earthquake {E}ng. and {S}tructural {D}yn."}
@STRING{cmame = "Comp. {M}ethods in {A}pplied {M}ech. {E}ngrg."}
@STRING{jam   = "J. {A}pplied {M}echanics"}
@STRING{jssc  = "SIAM {J}. {S}ci. {S}tatist. {C}omput."}
@STRING{jna   = "SIAM {J}. {N}umer. {A}nal."}
@STRING{nm    = "Numer. {M}ath."}
@STRING{moc   = "Math. {C}omp."}
@STRING{ijp   = "International {J}ournal of {P}lasticity"}
@STRING{jmps  = "Journal of {M}echanics and {P}hysics of {S}olids"}
@STRING{aam   = "Advances in {A}pplied {M}echanics"}
@STRING{jem   = "Journal of {E}ngineering {M}echanics"}
@STRING{mec   = "Mat\'{e}riaux et {C}onstructions"}
@STRING{amr   = "Applied {M}echanics {R}eviews"}
@STRING{arma  = "Archives for {R}ational {M}echanics and {A}nalysis"}
@STRING{ccr   = "Cement  and {C}oncrete {R}esearch"}
@STRING{ijms  = "International {J}ournal of {M}echanics and {S}cience"}
@STRING{mm    = "Mechanics of {M}aterials"}
@STRING{jcm   = "Journal of {C}omputational {M}echanics"}
@STRING{ijnmag= "International {J}ournal for {N}umerical and {A}nalytical
                  {M}ethods in {G}eomechanics"}
@STRING{jmpa  = "Journal de {M}athematiques {P}ures et {A}ppliqu\'ees"}
@STRING{mt    = "Metallurgical {T}ransactions"}
@STRING{mta   = "Metallurgical {T}ransactions {A}"}
@STRING{mmta  = "Metallurgical and {M}aterials {T}ransactions {A}"}
@STRING{am    = "Acta {M}etallurgica"}
@STRING{amm   = "Acta {M}etallurgica et {M}aterialia"}
@STRING{scmat = "Scripta {M}aterialia"}
@STRING{am    = "Acta {M}echanica"}
@STRING{ned   = "Nuclear {E}ngineering and {D}esign"}
@STRING{prsla  = "Proceedings of the {R}oyal {S}ociety of {L}ondon. Series A"}
@STRING{rm    = "Rock {M}echanics"}
@STRING{jcam  = "Journal of {C}omputational and {A}pplied {M}athematics"}
@STRING{pma   = "Philosophical {M}agazine {A}"}
@STRING{pm    = "Philosophical {M}agazine"}
@STRING{mf    = "Metals {F}orum"}
@STRING{mrs   = "Materials {R}esearch {S}ociety"}
@STRING{apl   = "App. {P}hy. {L}ett."}
@STRING{jdp4  = "J. de {P}hy. {IV}"}
@STRING{jacs  = "J. {A}m. {C}eram. {S}oc."}
@STRING{jmr   = "J. {M}at. {R}es."}
@STRING{jes   = "J. {E}lectrochem. {S}oc."}
@STRING{apa   = "App. Phys. A"}
@STRING{jpsj  = "J. Phys. Soc. Jpn."}
@STRING{acmat = "Acta {M}aterialia"}
@STRING{mmmas = "{M}ath. {M}eth. {M}od. {A}pp. {S}ci."}
@STRING{jchph = "{J.} {C}hem. {P}hys."}
@STRING{jbm   = "{J.} {B}io. {M}ech."}
@STRING{jbme  = "{J.} {B}io. {M}ech. {E}ngrg."}
@STRING{ijes  = "{Int. J. Engr. Sci.}"}
@STRING{cmes   =  "{C}omp. {M}odel. {E}ngrg. {S}ci."}
@STRING{ijbm   =  "{Int. J. Bio. Macromol.}"}
@STRING{fead   =  "{Finite Elements Anal. Des.}"}

@ARTICLE{Klischetal:2001,
     AUTHOR = "S. M. Klisch and T. J. van Dyke and A. Hoger",
     TITLE  = {{A theory of volumetric growth for compressible elastic biological materials}},
     JOURNAL = "Math. Mech. Solids",
     YEAR    = 2001,
     VOLUME  = 6,
     PAGES   = "551--575" }

@ARTICLE{KlischHoger:2003,
     AUTHOR = "S. M. Klisch and A. Hoger",
     TITLE  = {{Volumetric growth of thermoelastic materials and mixtures}},
     JOURNAL = "Math. Mech. Solids",
     YEAR    = 2003,
     VOLUME  = 8,
     PAGES   = "377--402" }

@ARTICLE{Brewardetal:2003,
     AUTHOR = "C. J. W. Breward and H. M. Byrne and C. E. Lewis",
     TITLE  = {{A multiphase model describing vascular tumour growth}},
     JOURNAL = "Bull. Math. Biol.",
     YEAR    = 2003,
     VOLUME  = 65,
     PAGES   = "609--640" }

@ARTICLE{PreziosiFarina:2002,
     AUTHOR = "L. Preziosi and A. Farina",
     TITLE  = {{On Darcy's Law for growing porous media}},
     JOURNAL = "Int. J. Non-linear Mech.",
     YEAR    = 2002,
     VOLUME  = 37,
     PAGES   = "485--491" }

@ARTICLE{ArrudaBoyce:93,
     AUTHOR = "E. M. Arruda and M. C. Boyce",
     TITLE  = {{A three-dimensional constitutive model for the large stretch behavior of rubber elastic materials}},
     JOURNAL = jmps,
     YEAR    = 1993,
     VOLUME  = 41,
     PAGES   = "389--412" }

@ARTICLE{KratkyPorod:49,
     AUTHOR = "O. Kratky and G. Porod",
     TITLE  = {{R\"{o}ntgenuntersuchungen gel\"{o}ster Fadenmolek\"{u}le}},
     JOURNAL = {Recueil Trav. Chim},
     YEAR    = 1949,
     VOLUME  = 68,
     PAGES   = "1106--1122" }

@ARTICLE{MarkoSiggia:95,
     AUTHOR = "J. F. Marko and E. D. Siggia",
     TITLE  = {{Stretching DNA}},
     JOURNAL = {Macromolecules},
     YEAR    = 1995,
     VOLUME  = 28,
     PAGES   = "8759--8770" }

@ARTICLE{Sunetal:2002,
     AUTHOR = "Y-L. Sun and Z-P. Luo and A. Fertala and K-N. An",
     TITLE  = {{Direct quantification of the flexibility of type I collagen monomer}},
     JOURNAL = {Biochemical and Biophysical Research Communications},
     YEAR    = 2002,
     VOLUME  = 295,
     PAGES   = "382--386" }

@ARTICLE{Grahametal:2004,
     AUTHOR = "J. S. Graham and A. N. Vomund and C. L. Phillips and M. Grandbois",
     TITLE  = {{Structural changes in human type I collagen fibrils investigated by
force spectroscopy}},
     JOURNAL = {Experimental Cell Research},
     YEAR    = 2004,
     VOLUME  = 299,
     PAGES   = "335--342" }

@ARTICLE{Bustamanteetal:2003,
AUTHOR = "C. Bustamante and Z. Bryant and S. B. Smith",
TITLE  = {{Ten years of tension: Single-molecule DNA mechanics}},
JOURNAL = {Nature},
YEAR    = 2003,
VOLUME  = {421},
PAGES   = "423--427" }

@ARTICLE{Riefetal:97,
AUTHOR = "M. Rief and F. Oesterhelt and B. Heymann and H. E. Gaub",
TITLE  = {{Single Molecule Force Spectroscopy of Polysaccharides by Atomic Force Microscopy.}},
JOURNAL = {Science},
YEAR    = 1997,
VOLUME  = {275},
PAGES   = "1295--1297" }

@ARTICLE{Butleretal:99,
     AUTHOR = "D. L. Butler and H.A. Awad",
     TITLE  = {{Perspectives on cell and collagen composites for tendon repair}},
     JOURNAL = {Clinical Orthopaedics and Related Research},
     YEAR    = 1999,
     VOLUME  = 367,
     PAGES   = "S324" }

@ARTICLE{Goldsteinetal:89,
     AUTHOR = "J. D. Goldstein and A. J. Tria and J. P. Zawadsky et al.",
     TITLE  = {{Development of a reconstituted collagen tendon prosthesis - A preliminary implantation study}},
     JOURNAL = {Journal of Bone and Joint Surgery-American},
     YEAR    = 1989,
     VOLUME  = {71A},
     PAGES   = "1183" }

@ARTICLE{Iannaceetal:95,
     AUTHOR = "S. Iannace and G. Sabatini and L. Ambrosio et al.",
     TITLE  = {{Mechanical-behavior of composite artificial tendons and ligaments}},
     JOURNAL = {Biomaterials},
     YEAR    = 1995,
     VOLUME  = 16,
     PAGES   = "675" }

@ARTICLE{Armero-poroplasticity:99,
     AUTHOR = "F. Armero",
     TITLE  = {{Formulation and finite element implementation of a multiplicative model of coupled poro-pplasticity at finite strains under fully-saturated conditions}},
     JOURNAL = cmame,
     YEAR    = 1999,
     VOLUME  = 171,
     PAGES   = "205--241" }

@ARTICLE{Zienkiewiczetal:88,
     AUTHOR = "O. C. Zienkiewicz and D. K. Paul and A. H. Chan",
     TITLE  = {{Unconditionally-stable staggered solution procedure for soil-pore fluid interaction problems}},
     JOURNAL = ijnme,
     YEAR    = 1988,
     VOLUME  = 26,
     PAGES   = "1039--1055" }

@ARTICLE{McBrideetal:88,
     AUTHOR = "D. J. McBride and R. L. Trelstad and F. H. Silver",
     TITLE  = {{Structural and mechanical assessment of developing chick tendon}},
     JOURNAL = ijbm,
     YEAR    = 1988,
     VOLUME  = 10,
     PAGES   = "194" }

@ARTICLE{AmbrosiMollica:2002,
     AUTHOR = "D. Ambrosi and F. Mollica",
     TITLE  = {{On the mechanics of a growing tumor}},
     JOURNAL = ijes,
     YEAR    = 2002,
     VOLUME  = 40,
     PAGES   = "1297--1316" }

@ARTICLE{ButlerAwad:99,
     AUTHOR = "D. L. Butler and H. A. Awad",
     TITLE  = {{Perspectives on cell and collagen
composites for tendon repair}},
     JOURNAL = {Clinical Orthopaedics and Related
Research},
     YEAR    = 1999,
     VOLUME  = {},
     PAGES   = "S324--S332" }

@ARTICLE{Flory:42,
     AUTHOR = "P. J. Flory",
     TITLE  = {{Thermodynamics of high polymer solutions}},
     JOURNAL = jchph,
     YEAR    = 1942,
     VOLUME  = 10,
     PAGES   = "51--61" }

@ARTICLE{HumphreyRajagopal:02,
     AUTHOR = "J. D. Humphrey and Rajagopal",
     TITLE  = {{A constrained mixture model for growth and remodeling of soft tissues}},
     JOURNAL = mmmas,
     YEAR    = 2002,
     VOLUME  = 12,
     NUMBER  = 3,
     PAGES   = "407--430" }

@ARTICLE{EpsteinMaugin:2000,
     AUTHOR = "M. Epstein and G. A. Maugin",
     TITLE  = {{Thermomechanics of volumetric growth in uniform bodies}},
     JOURNAL = ijp,
     YEAR    = 2000,
     VOLUME  = 16,
     PAGES   = "951--978" }

@ARTICLE{Taber:95,
     AUTHOR = "L. A. Taber",
     TITLE  = {{Biomechanics of growth, remodelling and morphogenesis}},
     JOURNAL = amr,
     YEAR    = 1995,
     VOLUME  = 48,
     PAGES   = "487--545" }

@ARTICLE{TaberHumphrey:2001,
     AUTHOR = "L. A. Taber and J. D. Humphrey",
     TITLE  = {{Stress-modulated growth, residual stress and vascular heterogeneity}},
     JOURNAL = jbme,
     YEAR    = 2001,
     VOLUME  = 123,
     PAGES   = "528--535" }

@ARTICLE{Swartzetal:99,
     AUTHOR = "M. Swartz and A. Kaipainen and P. E. Netti and C. Brekken and Y. Boucher and A. J. Grodzinsky and R. K. Jain",
     TITLE  = {{Mechanics of interstitial-lymphatic fluid transport: Theoretical foundation and experimental validation}},
     JOURNAL = jbm,
     YEAR    = 1999,
     VOLUME  = 32,
     PAGES   = "1297--1307" }

@ARTICLE{Hanetal:2000,
     AUTHOR = "S. Han and S. J. Gemmell and K. G. Helmer and P. Grigg and J. W. Wellen and A. H. Hoffman and C. H. Sotak",
     TITLE  = {{Changes in ADC caused by tensile loading of rabbit achilles tendon: Evidence for water transport.}},
     JOURNAL = "Journal of Magnetic Resonance",
     YEAR    = 2000,
     VOLUME  = 144,
     PAGES   = "217--227" }

@ARTICLE{Provenzanoetal:2003,
     AUTHOR = "P. P. Provenzano and D. A. Martinez and R. E. Grindeland and K. W. Dwyver and J. Turner and A. C. Vailas and R. Vanderby",
     TITLE  = {{Hindlimb unloading alters ligament healing}},
     JOURNAL = "Journal of Applied Physiology",
     YEAR    = 2003,
     VOLUME  = 94,
     PAGES   = "314--324" }


@ARTICLE{CowinHegedus:76,
     AUTHOR = "S. C. Cowin and D. H. Hegedus",
     TITLE  = {{Bone remodeling I: A theory of adaptive elasticity}},
     JOURNAL = "Journal of Elasticity",
     YEAR    = 1976,
     VOLUME  = 6,
     PAGES   = "313--325" }

@ARTICLE{Mariebetal:94,
           AUTHOR = "T. Marieb and J. C. Bravman and P. Flinn and D. S. Gardner and M. Madden",
     TITLE  = {{Observation of voids induced by mechanical stress and electromigration in passivated Al lines deposited at different purity levels}},
     JOURNAL = apl,
     YEAR    = 1994,
     VOLUME  = 64,
     NUMBER  = 18,
     PAGES   = "2424-2426" }

@ARTICLE{TokunagaSugawara:91,
           AUTHOR = "K. Tokunaga and K. Sugawara",
     TITLE  = {{The Influence of Plasma Silicon Nitride Passivation Film Quality on ALuminum Void Formation}},
     JOURNAL = jes,
     YEAR    = 1991,
     VOLUME  = 138,
     NUMBER  = 1,
     PAGES   = "176--180" }

@ARTICLE{Bagratashvilietal:91,
           AUTHOR = "V. N. Bagratashvili and A. F. Banishev and S. A. Gnedoy and V. I. Emelyanov and A. N. Jerikhin and K. S. Merzljakov and V. Ya. Panchenko and V. N. Seminogov",
     TITLE  = {{Formation of Periodic Ring Structures of Relief and Voids Under Laser Vapor Deposition of Metallic Films}},
     JOURNAL = apa,
     YEAR    = 1991,
     VOLUME  = 52,
     PAGES   = "438--444" }

@ARTICLE{SmithSrolovitz:96,
           AUTHOR = "R. W. Smith and D. J. Srolovitz",
     TITLE  = {{Void formation during film growth: A molecular dynamics simulation study}},
     JOURNAL = jap,
     YEAR    = 1996,
     VOLUME  = 79,
     NUMBER  = 3,
     PAGES   = "1448--1457" }

@ARTICLE{Dongetal:98,
           AUTHOR = "L. Dong and J. Schnitker and R. W. Smith and D. J. Srolovitz",
     TITLE  = {{Stress relaxation and misfit dislocation nucleation in the growth of misfitting films: A molecular dyanamics simulation study}},
     JOURNAL = jap,
     YEAR    = 1998,
     VOLUME  = 83,
     NUMBER  = 1,
     PAGES   = "217--227" }

@ARTICLE{Kanekoetal:2000,
           AUTHOR = "Y. Kaneko and Y. Hiwatari and K. Ohara and T. Murakami",
     TITLE  = {{Monte Carlo Simulation of Thin Film Growth with Lattice Defects}},
     JOURNAL = jpsj,
     YEAR    = 2000,
     VOLUME  = 69,
     NUMBER  = 11,
     PAGES   = "3607--3613" }

@ARTICLE{Zhouetal:97a,
           AUTHOR = "X. W. Zhou and R. A. Johnson and H. N. G. Wadley",
     TITLE  = {{A molecular dynamics study of nickel vapor deposition: Temperature, incident angle, and adatom energy effects}},
     JOURNAL = acmat,
     YEAR    = 1997,
     VOLUME  = 45,
     NUMBER  = 4,
     PAGES   = "1513--1524" }

@ARTICLE{Zhouetal:97b,
           AUTHOR = "X. W. Zhou and R. A. Johnson and H. N. G. Wadley",
     TITLE  = {{Vacancy formation during vapor deposition}},
     JOURNAL = acmat,
     YEAR    = 1997,
     VOLUME  = 45,
     NUMBER  = 11,
     PAGES   = "4441--4452" }

@ARTICLE{Nix:81,
           AUTHOR = "W. D. Nix",
     TITLE  = {{T}he {E}ffects of {G}rain {S}hape on {N}abarro-{H}erring and {C}oble {C}reep {P}rocesses},
     JOURNAL = mf,
     YEAR    = 1981,
     VOLUME  = 4,
     PAGES   = "38--43" }

@ARTICLE{SpingarnNix:78,
           AUTHOR = "J. R. Spingarn and W. D. Nix",
     TITLE  = {{D}iffusional {C}reep and {D}iffusionally {A}ccomodated {G}rain {R}earrangement},
     JOURNAL = am,
     YEAR    = 1978,
     VOLUME  = 26,
     PAGES   = "1389--1398" }

@ARTICLE{Wangetal:83,
           AUTHOR = "J. S. Wang and L. Martinez and W. D. Nix",
     TITLE  = {{A} {S}tudy of {I}ntergranular {C}avity {G}rowth {C}ontrolled by the {C}oupling of {D}iffusion and {P}ower {L}aw {C}reep},
     JOURNAL = am,
     YEAR    = 1983,
     VOLUME  = 31,
     PAGES   = "873--881" }

@ARTICLE{HirthNix:85,
           AUTHOR = "J. P. Hirth and W. D. Nix",
     TITLE  = {{A}nalysis of {C}avity {N}ucleation in {S}olids {S}ubjected to {E}xternal and {I}nternal {S}tresses},
     JOURNAL = am,
     YEAR    = 1985,
     VOLUME  = 33,
     PAGES   = "359--368" }

@ARTICLE{Nixetal:71,
           AUTHOR = " W. D. Nix and R. Gasca-Neri and J. P. Hirth",
     TITLE  = {{A} {C}ontribution to the {T}heory of {D}islocation {C}limb},
     JOURNAL = pm,
     YEAR    = 1971,
     VOLUME  = 23,
     PAGES   = "1339--1349" }

@ARTICLE{Spingarnetal:79,
           AUTHOR = "J. R. Spingarn and D. M. Barnett and W. D. Nix",
     TITLE  = {{T}heoretical {D}escriptions of {C}limb {C}ontrolled {S}teady {S}tate {C}reep at {H}igh and {I}ntermediate {T}emperatures},
     JOURNAL = am,
     YEAR    = 1979,
     VOLUME  = 27,
     PAGES   = "1549--1561" }

@ARTICLE{SpingarnNix:79,
           AUTHOR = "J. R. Spingarn and W. D. Nix",
     TITLE  = {{A} {M}odel for {C}reep {B}ased on the {C}limb of {D}islocations at {G}rain {B}oundaries},
     JOURNAL = am,
     YEAR    = 1979,
     VOLUME  = 27,
     PAGES   = "171--177" }

@ARTICLE{Fuentesetal:80,
           AUTHOR = "R. Fuentes-Samaniego and W. D. Nix and G. M. Pound",
     TITLE  = {{V}acancy and {S}ubstitutional {S}olute {D}istribution {A}round an {E}dge {D}islocation in {E}quilibrium and in {S}teaddy-state {G}lide {M}otion},
     JOURNAL = pma,
     YEAR    = 1980,
     VOLUME  = 42,
     PAGES   = "591--600" }

@ARTICLE{Fuentesetal:81,
           AUTHOR = "R. Fuentes-Samaniego and W. D. Nix and G. M. Pound",
     TITLE  = {{S}egregation {D}uring {D}iffusional {C}reep of a {B}inary {S}olid {S}olution},
     JOURNAL = am,
     YEAR    = 1981,
     VOLUME  = 29,
     PAGES   = "487--492" }

@ARTICLE{MartinezNix:81,
           AUTHOR = "L. Martinez and W. D. Nix",
     TITLE  = {{A} {N}umerical {S}tudy of {C}avity {G}rowth {C}ontrolled by {C}oupled {S}urface and {G}rain {B}oundary {D}iffusion},
     JOURNAL = mta,
     YEAR    = 1981,
     VOLUME  = {13A},
     PAGES   = "427--437" }

@ARTICLE{Gleixneretal:97,
     AUTHOR = "R. J. Gleixner and B. M. Clemens and W. D. Nix",
     TITLE  = {Void nucleation in passivated interconnect lines: {E}ffects of site geometries, interfaces, and surface flaws},
     JOURNAL = jmr,
     YEAR    = 1997,
     VOLUME  = 12,
     NUMBER  = {8},
     PAGES   = "2081--2090" }

@ARTICLE{Coble:63,
           AUTHOR = "R. L. Coble",
     TITLE  = {{A} {M}odel for {B}oundary {C}ontrolled {C}reep in {P}olycrystalline {M}aterials},
     JOURNAL = jap,
     YEAR    = 1963,
     VOLUME  = {34},
     PAGES   = "1679--1682" }

@UNPUBLISHED{Bhateetal:99,
           AUTHOR = "D. N. Bhate and A. Kumar and A. F. Bower",
     TITLE  = {{A} {D}iffuse {M}odel for {E}lectromigration and {S}tress {V}oiding},
     NOTE   = "Submitted to J. App. Phy.",
     MONTH   = {},
     YEAR    = {1999}}

@ARTICLE{Mullins:95,
           AUTHOR = "W. W. Mullins",
     TITLE  = {{M}ass {T}ransport at {I}nterfaces in {S}ingle {C}omponent {S}ystems},
     JOURNAL = mmta,
     YEAR    = 1995,
     VOLUME  = {26A},
     PAGES   = "1917--1929" }

@ARTICLE{Schergeetal:94,
           AUTHOR = "M. Scherge and C. L. Bauer and W. W. Mullins",
     TITLE  = {{S}tress {D}istribution and {M}ass-{T}ransport {A}long {G}rain {B}oundaries {D}uring {S}teady {S}tate {E}lectromigration},
     JOURNAL = mrs,
     YEAR    = 1994,
     VOLUME  = 338,
     PAGES   = "341--352" }

@ARTICLE{Xiaetal:97,
           AUTHOR = "L. Xia and A. F. Bower and Z. Suo and C. F. Shih",
     TITLE  = {{A} {F}inite {E}lement {A}nalysis of the {M}otion and {E}volution of {V}oids {D}ue to {S}train and {E}lectromigration {I}nduced {S}urface {D}iffusion},
     JOURNAL = jmps,
     YEAR    = 1997,
     VOLUME  = 45,
     PAGES   = "1473--1493" }

@ARTICLE{Zhangetal:99,
           AUTHOR = "Y. W. Zhang and A. F. Bower and L. Xia and C. F. Shih",
     TITLE  = {{A} {T}hree {D}imensional {F}inite {E}lement {A}nalysis of the {E}volution of {V}oids and {T}hin {F}ilms {D}ue to {S}train and {E}lectromigration {I}nduced {S}urface {D}iffusion},
     JOURNAL = jmps,
     YEAR    = 1999,
     VOLUME  = 47,
     PAGES   = "173--199" }

@ARTICLE{BowerFreund:95,
           AUTHOR = "A. F. Bower and L. B. Freund",
     TITLE  = {{F}inite {E}lement {A}nalysis of {E}lectromigration and {S}tress {I}nduced {D}iffusion in {D}eformable {S}olids},
     JOURNAL = mrs,
     YEAR    = 1995,
     VOLUME  = 391,
     PAGES   = "177--188" }

@ARTICLE{Korhonenetal:93,
           AUTHOR = "M. A. Korhonen and P. Borgesen and K. N. Tu and C. Y. Li",
     TITLE  = {{S}tress {E}volution {D}ue to {E}lectromigration in {C}onfined {M}etal {L}ines},
     JOURNAL = jap,
     YEAR    = 1993,
     VOLUME  = {73(8)},
     PAGES   = "3790--3799" }

@ARTICLE{Kirchheim:91,
           AUTHOR = "R. Kirchheim",
     TITLE  = {{S}tress and {E}lectromigration in {A}l {L}ines of {I}ntegrated {C}ircuits},
     JOURNAL = amm,
     YEAR    = 1992,
     VOLUME  = {40 no. 2},
     PAGES   = "309--323" }

@ARTICLE{Herring:50,
           AUTHOR = "C. Herring",
     TITLE  = {{D}iffusional {V}iscosity of a {P}olycrystalline {S}olid},
     JOURNAL = jap,
     YEAR    = 1950,
     VOLUME  = 21,
     PAGES   = "437--445" }

@ARTICLE{Aziz:97,
     AUTHOR = "M. J. Aziz",
     TITLE  = {{T}hermodynamics of {D}iffusion {U}nder {P}ressure and {S}tress: {R}elation to {P}oint {D}efect {M}echanisms},
     JOURNAL = apl,
     YEAR    = 1997,
     VOLUME  = {70(21)},
     PAGES   = "2810--2812" }

@ARTICLE{Bardeen:49,
           AUTHOR = "J. Bardeen",
     TITLE  = {{D}iffusion in {B}inary {A}lloys},
     JOURNAL = pr,
     YEAR    = 1949,
     VOLUME  = {76 no. 9},
     PAGES   = "1403--1405" }

@ARTICLE{Geninetal:93,
     AUTHOR = "F. Y. G\'{e}nin and W. W. Mullins and P. Wynblatt",
     TITLE  = {{T}he {E}ffect of {S}tress on {G}rain {B}oundary {G}rooving},
     JOURNAL = amm,
     YEAR    = 1993,
     VOLUME  = {41 no. 12},
     PAGES   = "3541--3547" }

@ARTICLE{Genin1:95,
     AUTHOR = "F. Y. G\'{e}nin",
     TITLE  = {{T}he {I}nitial {S}tages of the {F}ormation of {H}oles and {H}illocks in {T}hin {F}ilms {U}nder {E}qual {B}iaxial {S}tress},
     JOURNAL = amm,
     YEAR    = 1995,
     VOLUME  = {43 no. 12},
     PAGES   = "4289--4300" }

@ARTICLE{Genin2:95,
     AUTHOR = "F. Y. G\'{e}nin",
     TITLE  = {{E}ffect of {S}tress on {G}rain {B}oundary {M}otion in {T}hin {F}ilms},
     JOURNAL = jap,
     YEAR    = 1995,
     VOLUME  = {77(10)},
     PAGES   = "5131--5137" }

@ARTICLE{LarcheCahn:78,
     AUTHOR = "F. Larch\'{e} and J. W. Cahn",
     TITLE  = {{A} {N}onlinear {T}heory of {T}hermochemical {E}quilibrium of {S}olids {U}nder {S}tress},
     JOURNAL = am,
     YEAR    = 1978,
     VOLUME  = {26 no. 1},
     PAGES   = "53--60" }

@ARTICLE{LarcheCahn:73,
     AUTHOR = "F. Larch\'{e} and J. W. Cahn",
     TITLE  = {{A} {L}inear {T}heory of {T}hermochemical {E}quilibrium of {S}olids {U}nder {S}tress},
     JOURNAL = am,
     YEAR    = 1973,
     VOLUME  = 21,
     PAGES   = "1051--1063" }

@ARTICLE{LarcheCahn:82,
     AUTHOR = "F. C. Larch\'{e} and J. W. Cahn",
     TITLE  = {{T}he {E}ffect of {S}elf {S}tress on {D}iffusion in {S}olids},
     JOURNAL = am,
     YEAR    = 1982,
     VOLUME  = 30,
     PAGES   = "1835--1845" }

@ARTICLE{LarcheCahn:85,
     AUTHOR = "F. C. Larch\'{e} and J. W. Cahn",
     TITLE  = {{T}he {I}nteractions of {C}omposition and {S}tress in {C}rystalline {S}olids},
     JOURNAL = am,
     YEAR    = 1985,
     VOLUME  = {33 no. 3},
     PAGES   = "331--357" }

@ARTICLE{Larche:96,
     AUTHOR = "F. C. Larch\'{e}",
     TITLE  = {{W}hat {C}an the {C}oncept of a {P}erfect {C}hemoelastic {S}olid {T}ell {U}s {A}bout the {M}echanical and {T}hermodynamic {B}ehavior of a {S}olid?},
     JOURNAL = jdp4,
     YEAR    = 1996,
     VOLUME  = 6,
     PAGES   = "C1-3--C1-9" }

@ARTICLE{Weitsman:87,
     AUTHOR = "Y. Weitsman",
     TITLE  = {{S}tress {A}ssisted {D}iffusion in {E}lastic and {Viscoelastic} {M}aterials},
     JOURNAL = jmps,
     YEAR    = 1987,
     VOLUME  =35,
     PAGES   = "73--93" }

@ARTICLE{Johnson:94,
     AUTHOR = "W. C. Johnson",
     TITLE  = {{T}hermodynamic {E}quilibria in {T}wo-{P}hase, {E}lastically {S}tressed {I}onic {C}rystals},
     JOURNAL = jacs,
     YEAR    = 1994,
     VOLUME  = {77(6)},
     PAGES   = "1581--91" }

@ARTICLE{Johnson:97,
     AUTHOR = "W. C. Johnson",
     TITLE  = {{E}ffect of {E}lastic {S}tress on {T}wo-{P}hase {B}inary {D}iffusion {C}ouples},
     JOURNAL = mmta,
     YEAR    = 1997,
     VOLUME  = {28A},
     PAGES   = "27--38" }

@PHDTHESIS{Raophd,
     AUTHOR = {V. S. Rao},
     TITLE  = {On Numerical Modeling of Thermal Oxidation in Silicon},
     SCHOOL = {Stanford University},
     YEAR   = {1997},
     MONTH  = {July} }

@ARTICLE{Rao1:99,
     AUTHOR = {V. S. Rao and T. J. R. Hughes},
     TITLE  = {On Modelling Thermal Oxidation of Silicon I: Theory},
     JOURNAL = {To appear in Int. J. Num. Meth. Engrg.},
     YEAR    = 1999,
     VOLUME  = {},
     NUMBER  = {},
     PAGES   = {} }

@ARTICLE{Rao2:00,
     AUTHOR = {V. S. Rao and T. J. R. Hughes and K. Garikipati},
     TITLE  = {On Modelling Thermal Oxidation of Silicon II: Numerical Aspects},
     JOURNAL = {ijnme},
     YEAR    = 2000,
     VOLUME  = {47},
     NUMBER  = {1/3},
     PAGES   = {359--378} }

@ARTICLE{Garikipatiox1:00,
     AUTHOR = {K. Garikipati and V. S. Rao and M. Y.  Hao and E. Ibok and I. DeWolf and R. W. Dutton},
     TITLE  = {Modelling and Validation of Contributions to
  Stress in the Shallow Trench Isolation Process Sequence},
     JOURNAL = {cmes},
     YEAR    = 2000,
     VOLUME  = {1},
     NUMBER  = {1},
     PAGES   = {65--83} }

@ARTICLE{Garikipatiox2:01,
     AUTHOR = {K. Garikipati and V. S. Rao},
     TITLE  = {Recent Advances in Models for Thermal Oxidation of Silicon},
     JOURNAL = {Journal of Computational Physics},
     YEAR    = 2001,
     VOLUME  = {174},
     PAGES   = {138--170} }

@ARTICLE{FleckHutchinson:97,
           AUTHOR = "N. A. Fleck and J. W. Hutchinson",
     TITLE  = {{S}train {G}radient {P}lasticity},
     JOURNAL = aam,
     YEAR    = 1997,
     VOLUME  = 33,
     PAGES   = "295--361" }

@ARTICLE{WeiHutchinson:97,
           AUTHOR = "Y. Wei and J. W. Hutchinson",
     TITLE  = {{S}teady {S}tate {C}rack {G}rowth and {W}ork of {F}racture for {S}olids characterized by {S}train {G}radient {P}lasticity},
     JOURNAL = jmps,
     YEAR    = 1997,
     VOLUME  = 45,
     PAGES   = "1253--1273" }

@ARTICLE{ZbibAifantis:92,
           AUTHOR = "H. M. Zbib and E. C. Aifantis",
     TITLE  = {{O}n the {G}radient-dependent {T}heory of {P}lasticity and {S}hear {B}anding},
     JOURNAL = acmec,
     YEAR    = 1992,
     VOLUME  = 92,
     PAGES   = "209-225" }

@ARTICLE{Flecketal:94,
           AUTHOR = "N. A. Fleck and G. M. Muller and M. F. Ashby and J. W. Hutchinson",
     TITLE  = {{S}train {G}radient {P}lasticity: {T}heory and {E}xperiment},
     JOURNAL = amm,
     YEAR    = 1994,
     VOLUME  = 42,
     PAGES   = "475--487" }

@ARTICLE{XiaHutchinson:97,
           AUTHOR = "Z. C. Xia and J. W. Hutchinson",
     TITLE  = {{C}rack {T}ip {F}ields in {S}train {G}radient {P}lasticity},
     JOURNAL = jmps,
     YEAR    = 1996,
     VOLUME  = 44,
     PAGES   = "1621--1648" }

@ARTICLE{FleckHutchinson:93,
           AUTHOR = "N. A. Fleck and J. W. Hutchinson",
     TITLE  = {{A} {P}henomenological {T}heory for {S}train {G}radient {E}ffects in {P}lasticity},
     JOURNAL = jmps,
     YEAR    = 1993,
     VOLUME  = 12,
     PAGES   = "1825--1857" }

@ARTICLE{ShuFleck:98,
           AUTHOR = "J. Y. Shu and N. A. Fleck",
     TITLE  = {{P}rediction of a {S}ize {E}ffect in {M}icro {I}ndentation},
     JOURNAL = ijss,
     YEAR    = 1998,
     VOLUME  = 35,
     PAGES   = "1363--1383" }

@ARTICLE{Pooleetal:96,
           AUTHOR = "W. J. Poole and M. F. Ashby and N. A. Fleck",
     TITLE  = {{M}icro-hardness of {A}nnealed and {W}ork-hardened {C}opper {P}olycrystals},
     JOURNAL = scmat,
     YEAR    = 1996,
     VOLUME  = 34,
     PAGES   = "559--564" }

@ARTICLE{Gaoetal:99,
           AUTHOR = "H. Gao and Y. Huang and W. D. Nix",
     TITLE  = {{M}echanism-based {S}train {G}radient {P}lasticity--{I}. {T}heory},
     JOURNAL = jmps,
     YEAR    = 1999,
     VOLUME  = 47,
     PAGES   = "789--828" }

@ARTICLE{Huangetal97,
           AUTHOR = "Y. Huang and L. Zhang and T. F. Guo and K. C. Hwang",
     TITLE  = {{M}ixed {M}ode {N}ear-tip {F}ields for {C}racks in {M}aterials with {S}train-gradient {E}ffects},
     JOURNAL = jmps,
     YEAR    = 1999,
     VOLUME  = 45,
     PAGES   = "439--465" }

@ARTICLE{Shenoyetal:99,
           AUTHOR = " V.B. Shenoy and R. Miller and E.B. Tadmor and D. Rodney and R. Phillips and M. Ortiz",
     TITLE  = {{A}daptive {F}inite {E}lement {A}pproach to {A}tomic-scale {M}echanics - {T}he {Q}uasicontinuum {M}ethod},
     JOURNAL = jmps,
     YEAR    = 1999,
     VOLUME  = 47,
     PAGES   = "611--642" }

@ARTICLE{Milleretal:98,
           AUTHOR = "R. Miller and M. Ortiz and R. Phillips and V. Shenoy and E.B. Tadmor",
     TITLE  = {{Q}uasicontinuum {M}odels of {F}racture and {P}lasticity},
     JOURNAL = pma,
     YEAR    = 1996,
     VOLUME  = 73,
     PAGES   = "1529--1563" }

@ARTICLE{Ortiz:96,
           AUTHOR = "M. Ortiz",
     TITLE  = {{C}omputational {M}icromechanics},
     JOURNAL = cm,
     YEAR    = 1996,
     VOLUME  = 18,
     PAGES   = "321--338" }

@ARTICLE{Tadmoretal:96,
           AUTHOR = "E. B. Tadmor and M. Ortiz and R. Phillips",
     TITLE  = {{Q}uasicontinuum {A}nalysis of {D}efects in {S}olids},
     JOURNAL = pma,
     YEAR    = 1996,
     VOLUME  = 18,
     PAGES   = "321--338" }

@ARTICLE{Broughtonetal:97,
           AUTHOR = "J. Q. Broughton and C. A. Meli and P. Vashishta and R. K. Kalia",
     TITLE  = {{D}irect {A}tomistic {S}imulation of {Q}uartz {C}rystal {O}scillators: {B}ulk {P}roperties and {N}anoscale {D}evices},
     JOURNAL = prb,
     YEAR    = 1997,
     VOLUME  = 56,
     PAGES   = "611--618" }

@ARTICLE{Abrahametal:97,
           AUTHOR = "F. F. Abraham and J. Q. Broughton and N. Bernstein and E. Kaxiras",
     TITLE  = {{S}panning the {L}ength {S}cales in {D}ynamic {S}imulation},
     JOURNAL = cp,
     YEAR    = 1998,
     VOLUME  = 12,
     PAGES   = "538--546" }

@ARTICLE{RuudBrought:98,
           AUTHOR = "R. E. Ruud and J. Q. Broughton",
     TITLE  = {{C}oarse-grained {M}olecular {D}ynamics and the {A}tomic {L}imit of {F}inite {E}lements},
     JOURNAL = prb,
     YEAR    = 1998,
     VOLUME  = 58,
     PAGES   = "5893-5896" }

@ARTICLE{Anand:87,
           AUTHOR = "L. Anand and K. H. Kim and T. G. Shawki",
     TITLE  = {Onset of {S}hear {L}ocalization in {V}iscoplastic {S}olids},
     JOURNAL = jmps,
     YEAR    = 1987,
     VOLUME  = 35,
     PAGES   = "407--429" }

@ARTICLE{ArmGar:96,
           AUTHOR = "F. Armero and K. Garikipati",
     TITLE  = {An {A}nalysis of {S}trong {D}iscontinuities in {M}ultiplicative {F}inite {S}train {P}lasticity and their {R}elation with the {N}umerical {S}imulation of {S}train {L}ocalization in {S}olids},
     JOURNAL = ijss,
     YEAR    = 1996,
     VOLUME  = 33,
     PAGES   = "2863--2885" }

@ARTICLE{GovindjeeSimo:93,
     AUTHOR = "S. Govindjee and J. C. Simo",
     TITLE  = {{C}oupled {S}tress-diffusion: {C}ase {I}{I}},
     JOURNAL = jmps,
     YEAR    = 1993,
     VOLUME  = 341,
     PAGES   = "863--887" }


@ARTICLE{ArmSimo:92,
     AUTHOR = "F. Armero and J. C. Simo",
     TITLE  = {{A} {N}ew {U}nconditionally {S}table {F}ractional {S}tep {M}ethod for {N}onlinear {C}oupled {T}hermomechanical {P}roblems},
     JOURNAL = ijnme,
     YEAR    = 1992,
     VOLUME  = 35,
     PAGES   = "737--766" }

@ARTICLE{ArmSimo:93,
     AUTHOR = "F. Armero and J. C. Simo",
     TITLE  = {{A}-priori {S}tability {E}stimates and {U}nconditionally {S}table {P}roduct {F}ormula {A}lgorithms for {N}onlinear {C}oupled {T}hermoplasticity},
     JOURNAL = ijp,
     YEAR    = 1993,
     VOLUME  = 9,
     PAGES   = "749-782" }

@ARTICLE{Asaro:83,
           AUTHOR = "R. J. Asaro",
     TITLE  = {{M}icromechanics of {C}rystals and {P}olycrystals},
     JOURNAL = aam,
     YEAR    = 1983,
     VOLUME  = 23,
     PAGES   = "1--115" }

@ARTICLE{Bazant:76,
           AUTHOR = "Z. P Bazant",
     TITLE  = {{I}nstability, {D}uctility and {S}ize {E}ffect in {S}train {S}oftening {C}oncrete},
     JOURNAL = jem,
     YEAR    = 1976,
     VOLUME  = 102,
     PAGES   = "331--344" }

@ARTICLE{Bazant:83,
           AUTHOR = "Z. P. Bazant and B. H. Oh",
     TITLE  = {{C}rack {B}and {T}heory for {F}racture of {C}oncrete},
     JOURNAL = mec,
     YEAR    = 1983,
     VOLUME  = 39,
     PAGES   = "155--177" }

@ARTICLE{Bazant:86,
           AUTHOR = "Z. P. Bazant",
     TITLE  = {{M}echanics of {D}istributed {C}racking},
     JOURNAL = amr,
     YEAR    = 1986,
     VOLUME  = 39,
     PAGES   = "675--705" }

@ARTICLE{BazBelChg:84,
           AUTHOR = "Z. P. Bazant and T. B. Belytschko and
                  T. P. Chang",
     TITLE  = {{C}ontinuum {T}heory for {S}train {S}oftening},
     JOURNAL = jem,
     YEAR    = 1984,
     VOLUME  = 110,
     PAGES   = "1666--1691" }

@ARTICLE{BelFishEng:88,
           AUTHOR = "T. B. Belytschko and J. Fish and B. E. Engleman",
     TITLE  = {A {F}inite {E}lement with {E}mbedded {L}ocalization {Z}ones},
     JOURNAL = cmame,
     YEAR    = 1988,
     VOLUME  = 70,
     PAGES   = "59--89" }

@ARTICLE{BrezFraHugRus:97,
           AUTHOR = "F. Brezzi and L. P. Franca and T. J. R. hughes and A. Russo",
     TITLE  = {$\bb = \int\bg$},
     JOURNAL = cmame,
     YEAR    = 1997,
     VOLUME  = 145,
     PAGES   = "329--339" }

@ARTICLE{DeBorstSluys:91,
           AUTHOR = "R. de Borst and L. J. Sluys",
     TITLE  = {Localisation in a {C}osserat {C}ontinuum under {S}tatic and {D}ynamic {L}oading {C}onditions},
     JOURNAL = cmame,
     YEAR    = 1991,
     VOLUME  = 90,
     PAGES   = "805--827" }

@ARTICLE{Cervera:87,
           AUTHOR = "M. Cervera and E. Hinton and O. Hassan",
     TITLE  = {Nonlinear {A}nalysis of {R}einforced {C}oncrete {P}late and {S}hell {S}tructures using 20-{N}oded {I}soparametric {B}rick {E}lements},
     JOURNAL = cs,
     YEAR    = 1987,
     VOLUME  = 25,
     PAGES   = "845--869" }

@ARTICLE{Coleman:85,
           AUTHOR = "B. D. Coleman and M. L. Hodgdon",
     TITLE  = {On {S}hear {B}ands in {D}uctile {M}aterials},
     JOURNAL = arma,
     YEAR    = 1985,
     VOLUME  = 90,
     PAGES   = "219--247" }

@ARTICLE{Crisfield:88,
           AUTHOR = "M. A. Crisfield and J. Wills",
     TITLE  = {Solution {S}trategies and {S}train {S}oftening},
     JOURNAL = cmame,
     YEAR    = 1988,
     VOLUME  = 66,
     PAGES   = "267--289" }

@ARTICLE{Dvorkin:91,
           AUTHOR = "E. N. Dvorkin",
     TITLE  = {2D {F}inite {E}lements with {D}isplacement {I}nterpolated {E}mbedded {L}ocalization {L}ines: {T}he {A}nalysis of {F}racture in {F}rictional {M}aterials},
     JOURNAL = cmame,
     YEAR    = 1991,
     VOLUME  = 90,
     PAGES   = "829--844" }

@ARTICLE{Govindjee:95,
           AUTHOR = "S. Govindjee and G. J. Kay and J. C. Simo",
     TITLE  = {Anisotropic {M}odelling and {N}umerical {S}imulation of {B}rittle {D}amage in {C}oncrete},
     JOURNAL = ijnme,
     YEAR    = 1995,
     VOLUME  = 38,
     PAGES   = "3611--3633" }

@ARTICLE{Hill:62,
           AUTHOR = "R. Hill",
     TITLE  = {Acceleration {W}aves in {S}olids},
     JOURNAL = jmps,
     YEAR    = 1962,
     VOLUME  = 10,
     PAGES   = "1--16" }

@ARTICLE{HillHutch:75,
           AUTHOR = "R. Hill and J. W. Hutchinson",
     TITLE  = {Bifurcation {P}henomena in the {P}lane {T}ension {T}est},
     JOURNAL = jmps,
     YEAR    = 1975,
     VOLUME  = 23,
     PAGES   = "239--264" }

@ARTICLE{Hillerborg:76,
           AUTHOR = "A. Hillerborg and M. Mod\'{e}er and P. E. Petersson",
     TITLE  = {Analysis of {C}rack {F}ormation and {C}rack {G}rowth in {C}oncrete by means of {F}racture {M}echanics and {F}inite {E}lements},
     JOURNAL = ccr,
     YEAR    = 1976,
     VOLUME  = 6,
     PAGES   = "773--782" }

@ARTICLE{Hughes:95,
           AUTHOR = "T. J. R. Hughes",
     TITLE  = {Multiscale {P}henomena; {G}reen's {F}unctions, the {D}irichlet-to-{N}eumann {F}ormulation, {S}ubgrid {S}cale {M}odels, {B}ubbles and the {O}rigins of {S}tabilized {M}ethods},
     JOURNAL = cmame,
     YEAR    = 1995,
     VOLUME  = 127,
     PAGES   = "387--401" }

@ARTICLE{Hughes1:95,
           AUTHOR = "T. J. R. Hughes",
     TITLE  = {A {S}pace-{T}ime {F}ormulation for {M}ultiscale {P}henomena},
     JOURNAL = jcam,
     YEAR    = 1996,
     VOLUME  = 74,
     PAGES   = "217--229" }

@ARTICLE{HugFraHul:89,
           AUTHOR = "T. J. R Hughes and L. P. Franca and G. M. Hulbert",
     TITLE  = {A {N}ew {F}inite {E}lement {F}ormulation for {C}omputational {F}luid {D}ynamics},
     JOURNAL = cmame,
     YEAR    = 1989,
     VOLUME  = 73,
     PAGES   = "173--189" }


@ARTICLE{Johnson:87,
           AUTHOR = "W. Johnson",
     TITLE  = {Henri {T}resca as the {O}riginator of {A}diabatic {H}eat {L}ines},
     JOURNAL = ijms,
     YEAR    = 1987,
     VOLUME  = 29,
     PAGES   = "301--310" }

@ARTICLE{Lu:94,
           AUTHOR = "Y. Y. Lu and T. B. Belytschko",
     TITLE  = {A {S}pectral {O}verlay {M}ethod for {Q}uasistatic {V}iscoplasticity: {A}pplications to {A}nti-plane {C}rack and {C}omparison with {C}losed-form {S}olutions},
     JOURNAL = cs,
     YEAR    = 1994,
     VOLUME  = 51,
     PAGES   = "719--728" }

@ARTICLE{Nacar:89,
           AUTHOR = "A.  Nacar and A. Needleman and M. Ortiz",
     TITLE  = {A {F}inite {E}lement {M}ethod for {A}nalyzing {L}ocalization in {R}ate {I}ndependent {S}olids at {F}inite {S}trains},
     JOURNAL = cmame,
     YEAR    = 1989,
     VOLUME  = 73,
     PAGES   = "235--258" }

@ARTICLE{Needleman:89,
           AUTHOR = "A. Needleman",
     TITLE  = {Dynamic {S}hear {B}and {D}evelopment in {P}lane {S}train},
     JOURNAL = jam,
     YEAR    = 1989,
     VOLUME  = 56,
     PAGES   = "1--9" }

@ARTICLE{Oliver:89,
           AUTHOR = "J. Oliver",
     TITLE  = {A {C}onsistent {C}haracteristic {L}ength for {S}meared {C}racking {M}odels},
     JOURNAL = ijnme,
     YEAR    = 1989,
     VOLUME  = 28,
     PAGES   = "461--474" }

@ARTICLE{Oliver:96,
           AUTHOR = "J. Oliver",
     TITLE  = {Modelling {S}trong {D}iscontinuities in {S}olid {M}echanics via {S}train {S}oftening {C}onstitutive {E}quations. {P}art 1: {F}undamentals},
     JOURNAL = ijnme,
     YEAR    = 1996,
     VOLUME  = 39,
     PAGES   = "3575--3600" }

@ARTICLE{Ottosen:86,
           AUTHOR = "N. Ottosen",
     TITLE  = {Thermodynamic {C}onsequences of {S}train {S}oftening in {T}ension},
     JOURNAL = jem,
     YEAR    = 1986,
     VOLUME  = 112,
     PAGES   = "1152--1164" }

@ARTICLE{Ortiz:87,
           AUTHOR = "M. Ortiz and Y. Leroy and A. Needleman",
     TITLE  = {A {F}inite {E}lement {M}ethod for {L}ocalized {F}ailure {A}nalysis},
     JOURNAL = cmame,
     YEAR    = 1987,
     VOLUME  = 61,
     PAGES   = "189--214" }

@ARTICLE{Peerlings:96,
           AUTHOR = "R. H. J. Peerlings and R. de Borst and A. M. Brekelmans and J. H. P. de Vree",
     TITLE  = {Gradient {E}nhanced {D}amage for {Q}uasi-brittle {M}aterials},
     JOURNAL = ijnme,
     YEAR    = 1996,
     VOLUME  = 39,
     PAGES   = "3391--3403" }

@ARTICLE{Pietruszczak:81,
           AUTHOR = "St. Pietruszczak and Z. Mr\'{o}z",
     TITLE  = {Finite {E}lement {A}nalysis of {D}eformation of {S}train-softening {M}aterials},
     JOURNAL = ijnme,
     YEAR    = 1981,
     VOLUME  = 17,
     PAGES   = "327--334" }

@ARTICLE{Read:84,
           AUTHOR = "H. E. Read and G. A. Hegemier",
     TITLE  = {Strain {S}oftening of {R}ock, {S}oil and {C}oncrete - a {R}eview {A}rticle},
     JOURNAL = mm,
     YEAR    = 1984,
     VOLUME  = 3,
     PAGES   = "271--294" }

@ARTICLE{Shawki:89,
           AUTHOR = "T. G. Shawki and R. J. Clifton",
     TITLE  = {Shear {B}and {F}ormation in {T}hermal {V}iscoplastic {M}aterials},
     JOURNAL = mm,
     YEAR    = 1989,
     VOLUME  = 8,
     PAGES   = "13--43" }

@ARTICLE{JcsSr:90,
           AUTHOR = "J. C. Simo and M. S. Rifai",
     TITLE  = {A {C}lass of {M}ixed {A}ssumed {S}train {M}ethods and the {M}ethod of {I}ncompatible {M}odes},
     JOURNAL = ijnme,
     YEAR    = 1990,
     VOLUME  = 29,
     PAGES   = "1595--1638" }

@ARTICLE{JcsJoFa:93,
           AUTHOR = "J. C. Simo and J. Oliver and F. Armero",
     TITLE  = {An {A}nalysis of {S}trong {D}iscontinuities {I}nduced by {S}oftening {S}olutions in {R}ate-independent {S}olids},
     JOURNAL = jcm,
     YEAR    = 1993,
     VOLUME  = 12,
     PAGES   = "277--296" }

@ARTICLE{Stromberg:96,
           AUTHOR = "L. Stromberg and M. Ristinmaa",
     TITLE  = {Finite {E}lement {F}ormulation of a {N}on-local {P}lasticity {T}heory},
     JOURNAL = cmame,
     YEAR    = 1996,
     VOLUME  = 136,
     PAGES   = "127--144" }

@ARTICLE{deBorst:96,
           AUTHOR = "R. de Borst and J. Pamin",
     TITLE  = {Some {N}ovel {D}evelopments in {F}inite {E}lement {P}rocedures for {S}train {G}radient-dependent {P}lasticity},
     JOURNAL = ijnme,
     YEAR    = 1996,
     VOLUME  = 39,
     PAGES   = "2477--2505" }

@ARTICLE{Sture:78,
           AUTHOR = "S. Sture and H. Y. Ko",
     TITLE  = {Strain {S}oftening of {B}rittle {G}eological {M}aterials},
     JOURNAL = ijnmag,
     YEAR    = 1978,
     VOLUME  = 2,
     PAGES   = "237--253" }

@ARTICLE{Anzellotti:82,
           AUTHOR = "G. Anzellotti and M. Giaquinta",
     TITLE  = {On the {E}xistence of the {F}ields of {S}tresses and {D}isplacements for an {E}lasto-{P}erfectly {P}lastic {B}ody in {S}tatic {E}quilibrium},
     JOURNAL = jmpa,
     YEAR    = 1982,
     VOLUME  = 61,
     PAGES   = "219--244" }

@ARTICLE{Bigoni:93,
           AUTHOR = "D. Bigoni and D. Zaccaria",
     TITLE  = {On {S}train {L}ocalization {A}nalysis of {E}lastoplastic {M}aterials at {F}inite {S}trains},
     JOURNAL = ijp,
     YEAR    = 1993,
     VOLUME  = 9,
     PAGES   = "21--33" }

@ARTICLE{JohnsonC:76,
           AUTHOR = "C. Johnson",
     TITLE  = {Existence {T}heorems for {P}lasticity {P}roblems},
     JOURNAL = jmpa,
     YEAR    = 1976,
     VOLUME  = 55,
     PAGES   = "431--444" }

@ARTICLE{JohnsonC:78,
           AUTHOR = "C. Johnson",
     TITLE  = {On {P}lasticity with {H}ardening},
     JOURNAL = jmpa,
     YEAR    = 1978,
     VOLUME  = 62,
     PAGES   = "325--336" }

@ARTICLE{OttosenRunesson:91,
           AUTHOR = "N. S. Ottosen and K. Runesson",
     TITLE  = {Properties of {D}iscontinuous {B}ifurcation {S}olutions in {E}lasto-plasticity},
     JOURNAL = ijss,
     YEAR    = 1991,
     VOLUME  = 27,
     PAGES   = "401--421" }

@ARTICLE{Rice:80,
           AUTHOR = "J. R.  Rice and J. W. Rudnicki",
     TITLE  = {A {N}ote on some {F}eatures of the {T}heory of {L}ocalization of {D}eformation},
     JOURNAL = ijss,
     YEAR    = 1980,
     VOLUME  = 16,
     PAGES   = "597--605" }

@ARTICLE{Batra:89,
           AUTHOR = "R. C. Batra and D. S. Liu",
     TITLE  = {Adiabatic {S}hear {B}anding in {P}lane {S}train {P}roblems},
     JOURNAL = jmps,
     YEAR    = 1989,
     VOLUME  = 56,
     PAGES   = "527--534" }

@ARTICLE{Cox:74,
           AUTHOR = "B. Cox and J. R. Low",
     TITLE  = {An {I}nvestigation of the {P}lastic {F}racture of {A}{I}{S}{I} 4340 and 18 {N}ickel-200 {G}rade {M}araging {S}teels},
     JOURNAL = mt,
     YEAR    = 1974,
     VOLUME  = 5,
     PAGES   = "1457--1470" }

@ARTICLE{Hill:59,
           AUTHOR = "R. Hill",
     TITLE  = {Some {B}asic {P}rinciples in the {M}echanics of {S}olids without a {N}atural {T}ime},
     JOURNAL = jmps,
     YEAR    = 1959,
     VOLUME  = 7,
     PAGES   = "209--225" }

@ARTICLE{Hill:66,
           AUTHOR = "R. Hill",
     TITLE  = {Generalized {C}onstitutive {R}elations for {I}ncremental {D}eformation of {M}etal {C}rystals by {M}ultislip},
     JOURNAL = jmps,
     YEAR    = 1966,
     VOLUME  = 14,
     PAGES   = "95--102" }

@ARTICLE{Larsson:93,
           AUTHOR = "R. Larsson and K. Runesson and N. S. Ottosen",
     TITLE   = {Discontinuous {D}isplacement {A}pproximation for {C}apturing {P}lastic {L}ocalization},
     JOURNAL = ijnme,
     YEAR    = 1993,
     VOLUME  = 36,
     PAGES   = "2087--2105" }


@ARTICLE{Lee:69,
           AUTHOR = "E. H.  Lee",
     TITLE   = {Elastic-{P}lastic {D}eformation at {F}inite {S}trains},
     JOURNAL = jam,
     YEAR    = 1969,
     VOLUME  = 36,
     PAGES   = "1--6" }


@ARTICLE{Lemmonds:86,
           AUTHOR = "J. Lemmonds and A. Needleman",
     TITLE   = {Finite {E}lement {A}nalyses of {S}hear {L}ocalization in {R}ate and {T}emperature {D}ependent {S}olids},
     JOURNAL = ijss,
     YEAR    = 1986,
     VOLUME  = 5,
     PAGES   = "339--361" }


@ARTICLE{leroy1:91,
           AUTHOR = "Y. M. Leroy",
     TITLE   = {Linear {S}tability {A}nalysis of {R}ate-{D}ependent {D}iscrete {S}ystems},
     JOURNAL = ijss,
     YEAR    = 1991,
     VOLUME  = 27,
     PAGES   = "783--808" }


@ARTICLE{Leroy2:91,
           AUTHOR = "Y. M. Leroy and O. Chapuis",
     TITLE   = {Localization in {S}train-{R}ate-{D}ependent {S}olids},
     JOURNAL = cmame,
     YEAR    = 1991,
     VOLUME  = 90,
     PAGES   = "969--986" }


@ARTICLE{Mindess:80,
           AUTHOR = "S. Mindess and S. Diamond",
     TITLE   = {A {P}reliminary {S}{E}{M} {S}tudy of {C}rack {P}ropagation in {M}ortar},
     JOURNAL = ccr,
     YEAR    = 1980,
     VOLUME  = 10,
     PAGES   = "509--519" }

@ARTICLE{Ortiz:85,
           AUTHOR = "M.  Ortiz",
     TITLE   = {A {C}onstitutive {T}heory for the {I}nelastic {B}ehavior of {C}oncrete},
     JOURNAL = mm,
     YEAR    = 1985,
     VOLUME  = 4,
     PAGES   = "67--93" }

@ARTICLE{Price:64:,
           AUTHOR = "R. J. Price and A. Kelly",
     TITLE   = {Deformation of {A}ge--{H}ardened {A}luminum {A}lloy {C}rystals in {F}racture},
     JOURNAL = am,
     YEAR    = 1964,
     VOLUME  = 12,
     PAGES   = "979--992" }

@ARTICLE{Ramakrishnan1:94,
           AUTHOR = "N. Ramakrishnan and S. N. Atluri",
     TITLE   = {On {S}hear {B}and {F}ormation: {I}. {C}onstitutive {R}elationship for a {D}ual {Y}ield {M}odel},
     JOURNAL = ijp,
     YEAR    = 1994,
     VOLUME  = 10,
     PAGES   = "499--520" }

@ARTICLE{Ramakrishnan2:94,
           AUTHOR = "N. Ramakrishnan and S. N. Atluri",
     TITLE   = {On {S}hear {B}and {F}ormation: {I}{I}. {S}imulation using {F}inite {E}lement {M}ethod},
     JOURNAL = ijp,
     YEAR    = 1994,
     VOLUME  = 10,
     PAGES   = "521--534" }

@ARTICLE{Rashid:68,
           AUTHOR = "Y. R.  Rashid",
     TITLE   = {Ultimate {S}trength {A}nalysis of {P}restressed {C}oncrete {P}ressure {V}essels},
     JOURNAL = ned,
     YEAR    = 1968,
     VOLUME  = 7,
     PAGES   = "334--344" }

@ARTICLE{Rowe:71,
           AUTHOR = "P. W. Rowe",
     TITLE   = {The {S}tress-{D}ilatancy {R}elation for {S}tatic {E}quilibrium of an {A}ssembly of {P}articles in {C}ontact},
     JOURNAL = prsla,
     YEAR    = 1971,
     VOLUME  = A269,
     PAGES   = "500--527" }

@ARTICLE{Rudnicki:75,
           AUTHOR = "J. W. Rudnicki and J. R. Rice",
     TITLE   = {Conditions for the {L}ocalization of {D}eformation in {P}ressure-{S}ensitive {D}ilatant {M}aterials},
     JOURNAL = jmps,
     YEAR    = 1975,
     VOLUME  = 23,
     PAGES   = "371--394" }

@ARTICLE{simotaylorpister:85,
           AUTHOR = "J. C. Simo and R. L. Taylor and K. S. Pister",
     TITLE  = {Variational and projection methods for the volume constraint in finite deformation elasto-plasticity.},
     JOURNAL= cmame,
     YEAR   = 1985,
     VOLUME = 51,
     PAGES  = "177--208"}

@ARTICLE{simotarnow:1992a,
           AUTHOR = "J. C. Simo and N. Tarnow",
     TITLE  = {Exact energy-momentum conserving algorithms and symplectic schemes for nonlinear dynamics},
     JOURNAL= cmame,
     YEAR   = 1992,
     VOLUME = 100,
     PAGES  = "63--116"}

@ARTICLE{Simo1:88,
           AUTHOR = "J. C. Simo",
     TITLE   = {A {F}ramework for {F}inite {S}train {E}lastoplasticity based on {M}aximum {P}lastic {D}issipation and the {M}ultiplicative {D}ecomposition: {P}art {I}. {C}ontinuum {F}ormulation},
     JOURNAL = cmame,
     YEAR    = 1988,
     VOLUME  = 66,
     PAGES   = "199--219" }

@ARTICLE{Simo2:88,
           AUTHOR = "J. C. Simo",
     TITLE   = {A {F}ramework for {F}inite {S}train {E}lastoplasticity based on {M}aximum {P}lastic {D}issipation and the {M}ultiplicative {D}ecomposition: {P}art {I}{I}. {C}omputational {A}spects},
     JOURNAL = cmame,
     YEAR    = 1988,
     VOLUME  = 68,
     PAGES   = "1--31" }

@ARTICLE{Simo:92,
           AUTHOR = "J. C. Simo",
     TITLE   = {Algorithms for {M}ultiplicative {P}lasticity that
           {P}reserve the form of the {R}eturn {M}appings of the {I}nfinitesimal {T}heory},
     JOURNAL = cmame,
     YEAR    = 1992,
     VOLUME  = 99,
     PAGES   = "41--104" }

@ARTICLE{JcsFa:92,
           AUTHOR = "J. C. Simo and F. Armero",
     TITLE   = {Geometrically {N}onlinear {E}nhanced {S}train {M}ixed {M}ethods and the {M}ethod of {I}ncompatible {M}odes},
     JOURNAL = ijnme,
     YEAR    = 1992,
     VOLUME  = 33,
     PAGES   = "61--112" }

@ARTICLE{JcsFaRlt:93,
           AUTHOR = "J. C. Simo and F. Armero and R. L. Taylor",
     TITLE   = {Improved {V}ersions of {A}ssumed {E}nhanced {S}train {T}ri-{L}inear {E}lements for 3D {D}eformation {P}roblems},
     JOURNAL = cmame,
     YEAR    = 1993,
     VOLUME  = 110,
     PAGES   = "359--386" }

@ARTICLE{JcsJwj1:87,
           AUTHOR = "J. C. Simo and J. W. Ju",
     TITLE   = {Strain and {S}tress-based {C}ontinuum {D}amage {M}odels - {I}. {F}ormulation},
     JOURNAL = ijss,
     YEAR    = 1987,
     VOLUME  = 23,
     PAGES   = "821--840" }

@ARTICLE{JcsJwj2:87,
           AUTHOR = "J. C. Simo and J. W. Ju",
     TITLE   = {Strain and {S}tress-based {C}ontinuum {D}amage {M}odels - {I}{I}. {C}omputational {A}spects},
     JOURNAL = ijss,
     YEAR    = 1987,
     VOLUME  = 23,
     PAGES   = "841--869" }

@ARTICLE{Steinmann:91,
           AUTHOR = "P. Steinmann and K. Willam",
     TITLE   = {Performance of {E}nhanced {F}inite {E}lement {F}ormulations in {L}ocalized {F}ailure {C}omputations},
     JOURNAL = cmame,
     YEAR    = 1991,
     VOLUME  = 90,
     PAGES   = "845--867" }

@ARTICLE{Brooks:82,
     AUTHOR = {A.N. Brooks and  T.J.R. Hughes},
     TITLE  = {Streamline Upwind/{P}etrov-{G}alerkin
                     Formulations for Convection Dominated Flows
                     with Particular Emphasis on the Incompressible
                     {N}avier-{S}tokes Equations},
     JOURNAL = cmame,
     YEAR    = 1982,
     VOLUME  = 32,
     NUMBER  = {},
     PAGES   = {199-259} }

@ARTICLE{Paper8,
     AUTHOR = {T.J.R. Hughes and L. Franca and G.M. Hulbert},
     TITLE  = {A New Finite Element Formulation for Computational
                     Fluid Dynamics: {VIII}. {T}he {G}alerkin/Least-Squares
                     Methods for Advective--Diffusive Equations},
     JOURNAL = cmame,
     YEAR    = 1989,
     VOLUME  = 73,
     NUMBER  = {},
     PAGES   = {173-189} }

@ARTICLE{Sengersetal:2004,
     AUTHOR = {B. G. Sengers and C. W. J. Oomens and F. P. T. Baaijens},
     TITLE  = {An integrated finite-element approach to mechanics, transport and biosynthesis in tissue engineering},
     JOURNAL = jbme,
     YEAR    = 2004,
     VOLUME  = 126,
     NUMBER  = {},
     PAGES   = {82--91} }

@ARTICLE{Paper6,
     AUTHOR = {T.J.R. Hughes and L. Franca and M. Mallet},
     TITLE  = {A New Finite Element Formulation for Computational
                     Fluid Dynamics: {VII}. {C}onvergence Analysis of the
                  Generalized {SUPG} Formulation for Linear
                  Time-Dependent Multidimensional Advective-Diffusive
                  Systems},
     JOURNAL = cmame,
     YEAR    = 1987,
     VOLUME  = 63,
     NUMBER  = {1},
     PAGES   = {97-112} }

@ARTICLE{Paper3,
     AUTHOR = {T. J. R. Hughes and M. Mallet},
     TITLE  = {A New Finite Element Formulation for Computational
                     Fluid Dynamics: {III}. {T}he Generalized Streamline
                  Operator for Multidimensional Advective-Diffusive
                  Flows},
     JOURNAL = cmame,
     YEAR    = 1986,
     VOLUME  = 58,
     NUMBER  = {3},
     PAGES   = {305-328} }

@ARTICLE{recentsupg,
     AUTHOR = {T. J. R. Hughes},
     TITLE  = {Recent progress in the development and understanding of {SUPG} methods with special reference to the compressible {E}uler and {N}avier-{S}tokes Equations},
     JOURNAL = "International Journal for Numerical Methods in Fluids",
     YEAR    = 1987,
     VOLUME  = 7,
     PAGES   = {1261-1275} }


@ARTICLE{TverNeedleLo:81,
           AUTHOR = "V. Tvergaard and A. Needleman  and K. K. Lo",
     TITLE   = {Flow {L}ocalization in the {P}lane {S}train {T}ension {T}est},
     JOURNAL = jmps,
     YEAR    = 1981,
     VOLUME  = 29,
     PAGES   = "115--142" }

@ARTICLE{Waversik:71,
           AUTHOR = "W. R. Waversik and W. F. Brace",
     TITLE   = {Post-{F}ailure {B}ehavior of a {G}ranite and a {D}iabase},
     JOURNAL = rm,
     YEAR    = 1971,
     VOLUME  = 3,
     PAGES   = "61" }

@ARTICLE{Reddy:95,
           AUTHOR = "B. D. Reddy and J. C. Simo",
     TITLE  = {Stability and {C}onvergence of a {C}lass of {E}nhanced {S}train {M}ethods},
     JOURNAL = jna,
     YEAR    = 1995,
     VOLUME  = 32,
     PAGES   = "1705-1728"}

@ARTICLE{AkBdr:95,
           AUTHOR = "K. Arunakirinathar and B. D. Reddy",
     TITLE  = {Further {R}esults for {E}nhanced {S}train {M}ethods with
          {I}soparametric {E}lements},
     JOURNAL = cmame,
     YEAR    = 1995,
     VOLUME  = 127,
     PAGES   = "127-143"}

@UNPUBLISHED{remodelpaper,
     AUTHOR = "K. Garikipati and E. M. Arruda
      and K. Grosh and S. Calve",
     TITLE  = {{A continuum treatment of remodelling in biological tissue: Self assembly and evolving reference configurations}},
     NOTE   = "Submitted to {\sl J. Mech. Phys. Sol.}",
     MONTH   = {},
     YEAR    = {2003}}

@ARTICLE{growthpaper,
     AUTHOR = "K. Garikipati and E. M. Arruda
      and K. Grosh and H. Narayanan and S. Calve",
     TITLE  = {{A continuum treatment of growth in biological tissue: Mass transport coupled with mechanics}},
     JOURNAL = jmps,
     VOLUME  = 52,
     PAGES   = "1595--1625",
     YEAR    = 2004}

@UNPUBLISHED{GarikipatiHughes1:99,
           AUTHOR = "K. Garikipati and T.J.R. Hughes",
     TITLE  = {{A} {V}ariational {M}ultiscale {A}pproach to {S}train {L}ocalization
--- {F}ormulation for {M}ultidimensional {P}roblems},
     NOTE   = "To appear in {\sl Comp. Meth. App. Mech. Engrg.}",
     MONTH   = {},
     YEAR    = {1999}}

@ARTICLE{Calve:04,
     AUTHOR = "S. Calve and R.G. Dennis and P.E. Kosnik and K. Baar and K. Grosh and E.M. Arruda",
     TITLE  = {{Engineering of functional tendon}},
     JOURNAL = "Tissue Engineering",
     VOLUME  = 10,
     PAGES   = "755--761",
     YEAR    = {2004}}



@UNPUBLISHED{Baaretal:2003,
     AUTHOR = "K. Baar and E.M. Arruda and R.G. Dennis",
     TITLE  = {{Heart muscle by design: self-Organization of rat
cardiac cells into contractile 3D cardiac tissue}},
     NOTE   = "{submitted to Science}",
     MONTH   = {},
     YEAR    = {2003}}

@UNPUBLISHED{GarikipatiHughes2:99,
           AUTHOR = "K. Garikipati and T.J.R. Hughes",
     TITLE  = {{E}mbedding {M}icromechanical {L}aws in the {C}ontinuum
{F}ormulation --- {A} {M}ultiscale {A}pproach applied to {D}iscontinuous
{S}olutions},
     NOTE   = "To appear in the inaugural issue of {\sl International Journal for Computational Civil and Structural Engineering}",
     MONTH   = {},
     YEAR    = {1999}}

@ARTICLE{Garikipati1:98,
           AUTHOR = "K. Garikipati and T. J. R. Hughes",
     TITLE  = {A {S}tudy of {S}train {L}ocalization in a {M}ultiple {S}cale {F}ramework --- {T}he {O}ne {D}imensional {P}roblem},
     JOURNAL= cmame,
     YEAR   = 1998,
     VOLUME = 159,
     PAGES  = "193-222"}

@ARTICLE{RajAshby:75,
           AUTHOR = "R. Raj and M. F. Ashby",
     TITLE  = {{Intergranular Fracture at Elevated Temperature}},
     JOURNAL= am,
     YEAR   = 1975,
     VOLUME = 23,
     PAGES  = "653--666"}

@ARTICLE{Gao:94,
           AUTHOR = "H. Gao",
     TITLE  = {{Some General Properties of Stress-driven Surface Evolution in a Heteroepitaxial Thin Film Structure }},
     JOURNAL= jmps,
     YEAR   = 1994,
     VOLUME = 42,
     PAGES  = "741--772"}

@ARTICLE{Gao:95,
           AUTHOR = "H. Gao",
     TITLE  = {{Mass-conserved Morphological Evolution of Hypocycloid Cavities: A Model of Diffusive Crack Initiation with no Associated Energy Barrier }},
     JOURNAL= prsla,
     YEAR   = 1995,
     VOLUME = 448,
     PAGES  = "465--483"}

@ARTICLE{Srolovitz:89,
           AUTHOR = "D. J. Srolovitz",
     TITLE  = {{On the Stability of Surfaces of Stressed Solids}},
     JOURNAL= am,
     YEAR   = 1989,
     VOLUME = 37,
     PAGES  = "621--625"}

@ARTICLE{Bischoffetal:2002,
           AUTHOR = "J. E. Bischoff and E. M. Arruda and K. Grosh",
     TITLE  = {{A microstructurally based orthotropic hyperelastic constitutive law}},
     JOURNAL= jam,
     YEAR   = 2002,
     VOLUME = 69,
     PAGES  = "570--579"}

@ARTICLE{Bischoffetal1:2002,
           AUTHOR = "J. E. Bischoff and E. M. Arruda and K. Grosh",
     TITLE  = {{Orthotropic elasticity in terms of an arbitrary molecular
chain model}},
     JOURNAL= jam,
     YEAR   = 2002,
     VOLUME = 69,
     PAGES  = "198--201"}

@ARTICLE{Bischoffetal3:2002,
           AUTHOR = "J. E. Bischoff and E. M. Arruda and K. Grosh",
     TITLE  = {{Finite element simulations of orthotropic hyperelasticity}},
     JOURNAL= fead,
     YEAR   = 2002,
     VOLUME = 38,
     PAGES  = "983--998"}

@UNPUBLISHED{Bischoffetal2:2002,
           AUTHOR = "J. E. Bischoff and E. M. Arruda and K. Grosh",
     TITLE  = {{A rheological network formulation for orthotropic viscoelasticity in
soft tissue}},
     NOTE   = "Submitted to {\sl Biomechanics and Modeling in Mechanobiology}",
     YEAR   = {2002}}

AUTHOR = "J. E. Guyer and P. W. Voorhees",
     TITLE  = {Morphological stability and composiitonal uniformity of alloy thin films},
     JOURNAL = jcg,
     YEAR    = 1998,
     VOLUME  = 187,
     NUMBER  = {},
     PAGES   = "150--165" }

@ARTICLE{Spenceretal:01,
     AUTHOR = "B. J. Spencer and P. W. Voorhees and J. Tersoff",
     TITLE  = {Morphological instability theory for strained alloy film growth: The effect of compositional stresses and species-dependent surface mobilities on ripple formation during epitaxial film deposition },
     JOURNAL = prb,
     YEAR    = 2001,
     VOLUME  = 64,
     NUMBER  = {23},
     PAGES   = "235318/1-31" }

@ARTICLE{AsaroTiller:72,
           AUTHOR = "R. J. Asaro and W. A. Tiller",
     TITLE  = {{Interface morphology development during stress corrosion cracking: Part I. Via surface diffusion}},
     JOURNAL= mt,
     YEAR   = 1972,
     VOLUME = 3,
     PAGES  = "1789--1796"}

@ARTICLE{Glas:97,
           AUTHOR = "F. Glas",
     TITLE  = {{Thermodynamics of a stressed alloy with ha free surface: Coupling between the morphological and composiitonal instabilities}},
     JOURNAL= prb,
     YEAR   = 1997,
     VOLUME = 55,
     NUMBER = 17,
     PAGES  = "11277--11286"}

@ARTICLE{Garikipatietal:01,
     AUTHOR = "K. Garikipati and L. C. Bassman and M. D. Deal",
     TITLE  = {A Lattice-based Micromechanical Continuum Formulation for Stress-driven Mass Transport in Polycrystalline Solids},
     JOURNAL= jmps,
     YEAR   = 2001,
     VOLUME = 49,
     PAGES  = "1209--1237"}

@ARTICLE{GarikipatiBassman:01,
           AUTHOR = "K. Garikipati and L. Bassman",
     TITLE  = {Atomically-based Field Formulations for Coupled Problems of Composition and Mechanics},
     JOURNAL = "Mat. Res. Soc. Symp.",
     YEAR    = 2001,
     VOLUME  = 653,
     PAGES   = "Z9.6.1--Z9.6.6"}

@ARTICLE{Engeletal:02,
     AUTHOR = "G. Engel and K. Garikipati and T. J. R. Hughes and M. G. Larson and L. Mazzei and R. L. Taylor",
     TITLE  = {{Continuous/Discontinuous Finite Element Approximations of Fourth-order Elliptic Problems in Structural and Continuum Mechanics with Applications to Thin Beams and Plates, and Strain Gradient Elasticity}},
     JOURNAL = cmame,
     YEAR    = 2002,
     VOLUME  = 191,
     NUMBER  = 34,
     PAGES   = "3669--3750" }

@ARTICLE{Garikipati-vms:02,
     AUTHOR = "K. Garikipati",
     TITLE  = {A {V}ariational {M}ultiscale {M}ethod to {E}mbed {M}icromechanical {S}urface {L}aws in the {M}acromechanical {C}ontinuum {F}ormulation},
     JOURNAL = cmes,
     YEAR    = {2002},
     VOLUME  = 3,
     NUMBER  = 2,
     PAGES   = "175--184"}

@UNPUBLISHED{Garikipati-nano:02,
     AUTHOR = "K. Garikipati",
     TITLE  = {Couple stresses in crystalline solids: Origins from plastic slip gradients, dislocation core
distortions, and three-body interatomic
potentials},
     NOTE   = "Accepted for publication in {\sl J. Mech. Phys. Sol.}",
     YEAR   = {2002}}

@UNPUBLISHED{voidpaper,
     AUTHOR = "K. Garikipati and H. Mourad",
     TITLE  = {{The influence of compositional stress on vacancy concentration in crystalline solids: A theoretical treatment with application to void
formation}},
     NOTE   = "Submitted to {\sl Journal of the Mechanics and Physics of Solids}",
     MONTH   = {},
     YEAR    = {2003}}

@ARTICLE{SunSuo:97,
           AUTHOR = "B. Sun and Z. Suo",
     TITLE  = {{Finite Element Method for Simulating Interface Motion - II. Large Shape Change due to Surface Diffusion }},
     JOURNAL= am,
     YEAR   = 1997,
     VOLUME = 45,
     PAGES  = "4953--4962"}

@ARTICLE{WangSuo:97,
           AUTHOR = "W. Wang and Z. Suo",
     TITLE  = {{Shape Change of a Pore in a Stressed Solid via Surface Diffusion Motivated by Surface and Elastic Energy Variation}},
     JOURNAL= jmps,
     YEAR   = 1997,
     VOLUME = 45,
     PAGES  = "709--729"}

@ARTICLE{ChuangRice:73,
           AUTHOR = "T. J. Chuang and J. R. Rice",
     TITLE  = {{The Shape of Intergranular Creep Cracks growing by Surface Diffusion}},
     JOURNAL= am,
     YEAR   = 1973,
     VOLUME = 21,
     PAGES  = "1625--1228"}

@ARTICLE{Hughesmultiscale:98,
           AUTHOR = "T. J. R. Hughes and G. R. Feijoo and L. Mazzei and J. Quincy",
     TITLE  = {The {V}ariational {M}ultiscale {A}pproach: {A} {P}aradigm for {C}omputational {M}echanics},
     JOURNAL= cmame,
     YEAR   = 1998,
     VOLUME = 166,
     PAGES  = "3--24"}

@ARTICLE{HarriganHamilton:93,
           AUTHOR = "T. P. Harrigan and J. J. Hamilton",
     TITLE  = {Finite element simulation of adaptive bone remodelling: A stability criterion and a time stepping method},
     JOURNAL= ijnme,
     YEAR   = 1993,
     VOLUME = 36,
     PAGES  = "837--854"}


@UNPUBLISHED{Gonzalez:94,
           AUTHOR = "O. Gonzalez",
     TITLE  = {Computational {P}lasticity in {P}rincipal {S}tretches: {C}losed-{F}orm {E}xpressions for {E}lastoplastic {M}oduli},
     NOTE   = "Private communication",
     MONTH   = {},
     YEAR    = 1994}

@UNPUBLISHED{OberaiPinsky:97,
           AUTHOR = "A. Oberai and P.M. Pinsky",
     TITLE  = {A {M}ultiscale {F}inite {E}lement {M}ethod for the {H}elmholtz {E}quation},
     NOTE   = "To appear in Computer Methods in Applied Mechanics and Engineering",
     MONTH   = {},
     YEAR    = 1997}

@ARTICLE{KuhlSteinmann:02,
     AUTHOR = "E. Kuhl and P. Steinmann",
     TITLE  = {{Theory and numerics of geometrically-nonlinear open system mechanics}},
     JOURNAL = ijnme,
     VOLUME  = 58,
     PAGES   = "1593--1615",
     YEAR    = 2003}

@ARTICLE{NixGao:98,
           AUTHOR = "W. D. Nix and H. Gao",
     TITLE  = {Indentation {S}ize {E}ffects in {C}rystalline {M}aterials: {A} {L}aw for {S}train {G}radient {P}lasticity},
     JOURNAL= jmps,
     YEAR   = 1998,
     VOLUME = 46,
     PAGES  = "411-425"}

@ARTICLE{tezduyarsupg,
           AUTHOR = "T. Tezduyar and S. Sathe",
     TITLE  = {Stabilization Parameters in {SUPG} and {PSPG} Formulations}, 
     JOURNAL= "Journal of {C}omputational and {A}pplied {M}echanics", 
     YEAR   = 2003,
     VOLUME = 4,
     PAGES  = "71-88"}

@Article{kuhlremod05 ,
language = {English},
copyright = {Copyright 2005, IEE},
title = {Remodeling of biological tissue: Mechanically induced reorientation of a transversely isotropic chain network},
journal = {J. Mech. Phys. Solids (UK)},
author = {Kuhl, E. and Garikipati, K. and Arruda, E.M. and Grosh, K.},
volume = { 53},
number = { 7},
year = {2005},
pages = {1552 - 73},
issn = {0022-5096},
abstract = {A new class of micromechanically motivated chain network models for soft biological tissues is presented. On the microlevel, it is based on the statistics of long chain molecules. A wormlike chain model is applied to capture the behavior of the collagen microfibrils. On the macrolevel, the network of collagen chains is represented by a transversely isotropic eight chain unit cell introducing one characteristic material axis. Biomechanically induced remodeling is captured by allowing for a continuous reorientation of the predominant unit cell axis driven by a biomechanical stimulus. To this end, we adopt the gradual alignment of the unit cell axis with the direction of maximum principal strain. The evolution of the unit cell axis' orientation is governed by a first-order rate equation. For the temporal discretization of the remodeling rate equation, we suggest an exponential update scheme of Euler-Rodrigues type. For the spatial discretization, a finite element strategy is applied which introduces the current individual cell orientation as an internal variable on the integration point level. Selected model problems are analyzed to illustrate the basic features of the new model. Finally, the presented approach is applied to the biomechanically relevant boundary value problem of an in vitro engineered functional tendon construct. [All rights reserved Elsevier]},
keywords = {biological tissues;biomechanics;finite element analysis;micromechanics;molecular biophysics;physiological models;proteins;},
} 

@Article{mauck:03 ,

language = {English},

copyright = {Copyright 2003, IEE},

title = {Modeling of neutral solute transport in a dynamically loaded porous permeable gel: implications for articular cartilage biosynthesis and tissue engineering},

journal = {Transactions of the ASME. Journal of Biomechanical Engineering},

journal = {Trans. ASME, J. Biomech. Eng. (USA)},

author = {Mauck, R.L. and Hung, C.T. and Ateshian, G.A.},

volume = { 125},

number = { 5},

year = {2003},

pages = {602 - 14},

issn = {0148-0731},

} 







@BOOK{sbromadill,
     AUTHOR = "S. Bromberg and K. A. Dill",
     TITLE  = {{Molecular Driving Forces: Statistical Thermodynamics in Chemistry and Biology}},
     PUBLISHER = "Garland",
     YEAR    = 2002 }


@BOOK{cavitationchris,
     AUTHOR = "C. E. Brennen",
     TITLE  = {{Cavitation and Bubble Dynamics}},
     PUBLISHER = "Oxford University Press",
     YEAR    = 1995}


@BOOK{LandLif,
     AUTHOR = "L. D. Landau and E. M. Lifshitz",
     TITLE  = {{A Course on Theoretical Physics, Volume 5, Statistical Physics, Part I}},
     PUBLISHER = "Butterworth Heinemann (reprint)",
     YEAR    = 1951 }

@BOOK{Fung:1993,
     AUTHOR = "Y. C. Fung",
     TITLE  = {{Biomechanics: Mechanical properties of living tissues}},
     PUBLISHER = "Springer-Verlag, New York",
     YEAR    = 1993,
     EDITION = {2}}

@BOOK{GuytonHall:1996,
     AUTHOR = "A.C. Guyton and J.E. Hall",
     TITLE  = {{Textbook of Medical Physiology}},
     PUBLISHER = "W.B. Saunders Company, Philadelphia",
     YEAR    = 1996, }

@BOOK{Hadamard:03,
           AUTHOR = "J. Hadamard",
     TITLE  = {Le{\c c}ons sur la {P}ropagation des {O}ndes et les {E}quations de l'{H}ydro-dynamique},
     PUBLISHER = "Paris, Hermann",
     YEAR    = 1903, }

@BOOK{Christian:75,
     AUTHOR = "J. W. Christian",
     TITLE  = {{The Theory of Transformations in Metals and Alloys: Part I}},
     PUBLISHER = "Pergamon, Oxford",
     YEAR    = 1903, }

@BOOK{PorterEasterling:2001,
     AUTHOR = "D. A. Porter and K. E. Easterling",
     TITLE  = {{Phase Transformations in Metals and Alloys}},
     PUBLISHER = "Nelson Thornes, Cheltenham",
     YEAR    = 2001, }

@BOOK{Gibbs:31,
     AUTHOR = "J. W. Gibbs",
     TITLE  = {The {C}ollected {W}orks of {J}. {W}. {G}ibbs: {V}ols {I} and {II}},
     PUBLISHER = "Longmans, Green and Co., New York",
     YEAR    = 1931, }

@BOOK{NabarroVilliers:93,
     AUTHOR = "F. R. N. Nabarro and H. L. de Villiers",
     TITLE  = {{T}he {P}hysics of {C}reep: {C}reep and {C}reep-resistant {A}lloys},
     PUBLISHER = "Taylor and Francis",
     YEAR    = 1993, }

@BOOK{HirthLothe:92,
     AUTHOR = "J. P. Hirth and J. Lothe",
     TITLE  = {{T}heory of {D}islocations},
     PUBLISHER = "Krieger, Malabar, Florida",
     YEAR    = 1992, }

@BOOK{KittelKroemer:80,
     AUTHOR = "C. Kittel and H. Kroemer",
     TITLE  = {{T}hermal {P}hysics},
     PUBLISHER = "W. H. Freeman and Company",
     YEAR    = 1980, }

@BOOK{BrezziFortin:91,
           AUTHOR = "F. Brezzi and M. Fortin",
     TITLE  = {Mixed and {H}ybrid {F}inite {E}lement {M}ethods},
     PUBLISHER = "Springer-Verlag, New York",
     YEAR    = 1991, }

@BOOK{Kachanov:71,
           AUTHOR = "L. M. Kachanov",
     TITLE  = {Foundations of the {T}heory of {P}lasticity},
     PUBLISHER = "North Holland Publishing Co.",
     YEAR    = 1971, }

@BOOK{SimoHughes:98,
           AUTHOR = "J. C. Simo and T. J. R. Hughes",
     TITLE  = {Computational {I}nelasticity},
     PUBLISHER = "Springer Verlag",
     YEAR    = 1998, }

@BOOK{Duvaut:76,
           AUTHOR = "G. Duvaut and J. L. Lions",
     TITLE  = {Inequalities in {M}echanics and {P}hysics},
     PUBLISHER = "Springer Verlag, Berlin",
     YEAR    = 1976, }

@BOOK{Graff:75,
           AUTHOR = "K. F. Graff",
     TITLE  = {Wave {M}otion in {E}lastic {S}olids},
     PUBLISHER = "Dover, New York",
     YEAR    = 1975, }

@BOOK{Kolmogorov:70,
           AUTHOR = "A. N. Kolmogorov and S. V. Fomin",
     TITLE  = {Introductory {R}eal {A}nalysis},
     PUBLISHER = "Dover, New York",
     YEAR    = 1970, }

@BOOK{MarsdenHughes:83,
           AUTHOR = "J. E. Marsden and T. J. R. Hughes",
     TITLE  = {Mathematical {F}oundations of {E}lasticity},
     PUBLISHER = "Dover, New York",
     YEAR    = 1994, }

@BOOK{Stakgold:68,
           AUTHOR = "I. Stakgold",
     TITLE  = {Boundary {V}alue {P}roblems of {M}athematical {P}hysics},
     PUBLISHER = "Macmillan, New York",
     YEAR    = 1968, }

@BOOK{Hill:50,
           AUTHOR = "R. Hill",
     TITLE  = {The {M}athematical {T}heory of {P}lasticity},
     PUBLISHER = "Oxford University Press",
     YEAR    = 1950, }

@BOOK{Hughes:87,
           AUTHOR = "T. J. R. Hughes",
     TITLE  = {The {F}inite {E}lement {M}ethod},
     PUBLISHER = "Prentice-Hall, Englewood-Cliffs, N. J.",
     YEAR    = 1987, }

@BOOK{Lubliner:90,
           AUTHOR = "J. Lubliner",
     TITLE  = {Plasticity {T}heory},
     PUBLISHER = "Macmillan Publishing Co.",
     YEAR    = 1990, }

@BOOK{Malvern:69,
           AUTHOR = "L. E. Malvern",
     TITLE  = {Introduction to the {M}echanics of a {C}ontinuous {M}edium},
     PUBLISHER = "Prentice Hall",
     YEAR    = 1969 }

@BOOK{Pironneau:89,
           AUTHOR = "O. Pironneau",
     TITLE  = {Finite {E}lement {M}ethods for {F}luids},
     PUBLISHER = "Wiley, Chichester, England",
     YEAR    = 1989, }

@BOOK{Royden:88,
           AUTHOR = "H. L. Royden",
     TITLE  = {Real {A}nalysis},
     PUBLISHER = "Macmillan, New York",
     YEAR    = 1988, }

@BOOK{Simo:95,
           AUTHOR = "J. C. Simo",
     TITLE  = {Numerical {A}nalysis of {C}lassical {P}lasticity},
     PUBLISHER = {North Holland},
     YEAR    = {} }

@BOOK{Thomas:61,
           AUTHOR = "T. Y. Thomas",
     TITLE  = {Plastic {F}low and {F}racture in {S}olids},
     PUBLISHER = "Academic Press",
     YEAR    = 1961, }

@BOOK{TruesdellNoll:65,
           AUTHOR = "C. Truesdell and W. Noll",
     TITLE  = {The {N}on-linear {F}ield {T}heories ({H}andbuch der {P}hysik,
                  band {I}{I}{I})},
     PUBLISHER = "Springer, Berlin",
     YEAR    = 1965, }

@BOOK{ZienkTay:89,
           AUTHOR = "O. C. Zienkiewicz and R. L. Taylor",
     TITLE  = {The {F}inite {E}lement {M}ethod: {Vol} {I} and {II}},
     PUBLISHER = "McGraw-Hill, London, New York",
     YEAR    = 1989, }

@BOOK{Burton:77,
           AUTHOR = "B. Burton",
     TITLE  = {{D}iffusional {C}reep of {P}olycrystalline {M}etals},
     PUBLISHER = "Trans Tech Publications, Bay Village, Ohio",
     YEAR    = 1977, }

@BOOK{Alberts:02,
AUTHOR = "B. Alberts and A. Johnson and J. Lewis and M. Raff and K. Roberts and P. Walter",
TITLE = {Molecular {B}iology of the {C}ell},
PUBLISHER = "Garland Science, Oxford",
YEAR = 2002,}

@PHDTHESIS{GarikipatiPhd:96,
     AUTHOR = "K. Garikipati",
     TITLE  = {On {S}trong {D}iscontinuities in {I}nelastic {S}olids and their {N}umerical {S}imulation},
     SCHOOL = {Stanford University},
     YEAR   = 1996}

@PHDTHESIS{ArmeroPhD:93,
     AUTHOR = "F. Armero",
     TITLE  = {{N}umerical {A}nalysis of {D}issipative {D}ynamical {S}ystems in {S}olid and {F}luid {M}echanics, with a {S}pecial {E}mphasis on {C}oupled {P}roblems},
     SCHOOL = {Stanford University},
     YEAR   = 1993}

@CONFERENCE{SverdlikLanir:2001,
     AUTHOR = "A. Sverdlik and Y. Lanir",
     TITLE  = {{Viscoelasticity and preconditioning in sheep digital tendons}},
     BOOKTITLE = {BED-Vol 50 2001 Bioengineering Conference ASME 2001},
     YEAR    = 2001,
     EDITOR  = {},
     PUBLISHER  = {ASME},
     PAGES   = {583--584} }

@CONFERENCE{ArmGar:95,
     AUTHOR = "F Armero. and K. Garikipati",
     TITLE  = {Recent {A}dvances in the {A}nalysis and {N}umerical {S}imulation of {S}train {L}ocalization in {I}nelastic {S}olids},
     BOOKTITLE = {Proceedings of Computational Plasticity IV},
     YEAR    = 1995,
     EDITOR  = {D. R. J. Owen and E. O{\~n}ate and E.  Hinton},
     PUBLISHER  = {CIMNE, Barcelona},
     PAGES   = {547--561} }

@CONFERENCE{Nabarro:48,
     AUTHOR = "F. R. N. Nabarro",
     TITLE  = {{D}eformation of {C}rystals by the {M}otion of {S}ingle {I}ons},
     BOOKTITLE = {Strength of Solids},
     YEAR    = 1948,
     EDITOR  = {},
     PUBLISHER  = {The Physical Society, London},
     PAGES   = {75-90} }

@CONFERENCE{Gurtin:77,
     AUTHOR = "M. E. Gurtin",
     TITLE  = {{O}n the {L}inear {T}heory of {D}iffusion {T}hrough an {E}lastic {S}olid},
     BOOKTITLE = {Proceedings of Conference on Environmental Degradation of Engineering Materials},
     YEAR    = 1977,
     EDITOR  = {},
     PUBLISHER  = {Laboratory for the Study of Environmental Degradation of Engineering Materials},
     PAGES   = {107--119} }

@CONFERENCE{Nordinetal:2001,
     AUTHOR = "M. Nordin and T. Lorenz and M. Campello",
     TITLE  = {{Biomechanics of tendons and ligaments}},
     BOOKTITLE = {{Basic Biomechanics of the Musculoskeletal System}},
     YEAR    = 2001,
     EDITOR  = {M. Nordin and V. H. Frankel},
     PUBLISHER  = {Lippincott Williams and Wilkins, N.Y.},
     PAGES   = {102--125} }

@CONFERENCE{Leeetal:97,
     AUTHOR = "S. H. Lee and J. C. Bravman and P. A. Flinn and L. Arnaud",
     TITLE  = {{Observation of Electromigration Voiding in Cu Lines}},
     BOOKTITLE = {Materials Reliability in Microelectronics VII Materials Research Society Symposium Proceedings v 473},
     YEAR    = 1997,
     EDITOR  = {},
     PUBLISHER  = {Materials Research Society, Warrendale, PA USA},
     PAGES   = {235--239} }

@CONFERENCE{Meieretal:99,
     AUTHOR = "N. E. Meier and J. C. Doan and T. N. Marieb and P. A. Flinn and J. C. Bravman",
     TITLE  = {{Electromigration Voiding in Argon-implanted Interconnects }},
     BOOKTITLE = {Materials Research Society Symposium - Proceedings v 563},
     YEAR    = 1999,
     EDITOR  = {},
     PUBLISHER  = {Materials Research Society, Warrendale, PA, USA},
     PAGES   = {97--102} }

@CONFERENCE{Geiringer:30,
     AUTHOR = "H. Geiringer",
     TITLE  = {Beitrag zum {V}ollst{\"a}ndingen {E}benen {P}lastizit{\"a}tsproblem},
     BOOKTITLE = {Proccedings of the Third International Congress
                  Applied Mechanics --- Stockholm},
     YEAR    = 1930,
     EDITOR  = {},
     PUBLISHER  = {},
     PAGES   = {185--190} }

@CONFERENCE{Hillerborg:85,
     AUTHOR = "A. Hillerborg",
     TITLE  = {Numerical {M}ethods to {S}imulate {S}oftening and {F}racture of {C}oncrete},
     BOOKTITLE = {Fracture Mechanics of Concrete: Structural Application and Numerical Calculation},
     YEAR    = 1985,
     EDITOR  = {G. C. Sih and A. di Tomasso},
     PUBLISHER  = {Martinus Nijhoff, Dordrecht},
     PAGES   = {141--170} }

@CONFERENCE{Mandel:66,
     AUTHOR = "J. Mandel",
     TITLE  = {Conditions de {S}tabilit{\'e} et {P}ostulat de {D}rucker},
     BOOKTITLE = {Rheology and Soil Mechanics, IUTAM Symposium},
     YEAR    = 1964,
     EDITOR  = {J. Kravtchenko and P. M. Sirieys},
     PUBLISHER  = {},
     PAGES   = {58--68} }

@CONFERENCE{Matthies:79,
     AUTHOR = "H. Matthies and G. Strang and E. Christiansen",
     TITLE  = {The {S}addle {P}oint of a {D}ifferential {P}rogram},
     BOOKTITLE = {Energy Methods in Finite Element Analysis},
     YEAR    = 1979,
     EDITOR  = {R. Glowinski and E. Y. Rodin and O. C. Zienkiewicz},
     PUBLISHER  = {Wiley, New York},
     PAGES   = {309--318} }

@CONFERENCE{Rice:76,
     AUTHOR = "J. R. Rice",
     TITLE  = {The {L}ocalization of {P}lastic {D}eformation},
     BOOKTITLE = {Theoretical and Applied Mechanics},
     YEAR    = 1976,
     EDITOR  = {W. T. Koiter},
     PUBLISHER  = {North Holland Publishing Co.},
     PAGES   = {207--220} }

@CONFERENCE{Willam:84,
     AUTHOR = "K. Willam",
     TITLE  = {Experimental and {C}omputational {A}spects of {C}oncrete {F}racture},
     BOOKTITLE = {Proc. Int. Conf. Comp. Aided Anal. and Design of Concrete Structures},
     YEAR    = 1984,
     EDITOR  = {R. Owen and E. Hinton and Bi\'{c}ani\'{c}},
     PUBLISHER  = {Pineridge Press, Swansea, U.K.},
     PAGES   = {33--70} }

@CONFERENCE{Willam:87,
     AUTHOR = "K. Willam and N. Sobh and S. Sture",
     TITLE  = {Elastic-plastic {T}angent {O}perators: {L}ocalization {S}tudy on the {C}onstitutive and {F}inite {E}lement {L}evels},
     BOOKTITLE = {Advances in Inelastic Analysis},
     YEAR    = 1987,
     EDITOR  = {},
     PUBLISHER  = {ASME (PED-v 28), New York},
     PAGES   = {107--126} }

@CONFERENCE{Yu:91,
     AUTHOR = "J. Yu and D. Peric and D. R. J. Owen",
     TITLE  = {An {A}ssessment of the {C}osserat {C}ontinuum through the {F}inite {E}lement {S}imulation of a {S}train {L}ocalisation {P}roblem},
     BOOKTITLE = {Finite Elements in the 90's},
     YEAR    = 1991,
     EDITOR  = {E. O{\~n}ate and J. Periaux and A. Samuelsson},
     PUBLISHER  = {Springer Verlag/CIMNE, Barcelona},
     PAGES   = {321--332} }

@CONFERENCE{JcsJo:94,
     AUTHOR = "J. C. Simo and J. Oliver",
     TITLE  = {A {N}ew {A}pproach to the {A}nalysis and {S}imulation of {S}train {S}oftening in {S}olids},
     BOOKTITLE = {Fracture and Damage in Quasibrittle Structures},
     YEAR    = 1994,
     EDITOR  = {Z. P. Bazant and Z. Bittnar and M. Jir\'asek and J.  Mazars},
     PUBLISHER  = {},
     PAGES   = {} }

@CONFERENCE{Dafalias:84,
     AUTHOR = "Y. F. Dafalias",
     TITLE  = {A {M}issing {L}ink in the {F}ormulation and {N}umerical {I}mplementation of {F}inite {T}ransformation {E}lastoplasticity},
     BOOKTITLE = {Constitutive Equations: Macro and Computational Aspects},
     YEAR    = 1984,
     EDITOR  = {K. J. Willam},
     PUBLISHER  = {},
     PAGES   =  {}}

@CONFERENCE{Hvorslev:61,
     AUTHOR = "M. J. Hvorslev",
     TITLE  = {Physical {C}omponents of the {S}hear {S}trength of {S}aturated {C}lays},
     BOOKTITLE = {Research Conference on Shear Strength of Cohesive Soils},
     YEAR    = 1961,
     EDITOR  = {},
     PUBLISHER  = {},
     PAGES   = {169--273} }

@CONFERENCE{Ingraffea:85,
     AUTHOR = "A. R. Ingraffea and V. Saouma",
     TITLE  = {Numerical {M}odeling of {D}iscrete {C}rack {P}ropagation in {R}einforced and {P}lain {C}oncrete},
     BOOKTITLE = {Fracture Mechanics of Concrete},
     YEAR    = 1985,
     EDITOR  = {G. C. Sih and A. DiTommaso},
     PUBLISHER  = {Martinus Nijhoff, Dordrecht},
     PAGES   = {171--225} }

@CONFERENCE{Larsson:95,
     AUTHOR = "R. Larsson and K. Runesson and M. Akesson",
     TITLE  = {Embedded {L}ocalization {B}and based on {R}egularized {S}trong {D}iscontinuity},
     BOOKTITLE = {Proceedings of Computational Plasticity IV},
     YEAR    = 1995,
     EDITOR  = {D. R. J. Owen and E. O\~nate and E. Hinton},
     PUBLISHER  = {CIMNE, Barcelona},
     PAGES   = {599--609} }

@CONFERENCE{NeedlemanTver:84,
     AUTHOR = "A. Needleman and V. Tvergaard",
     TITLE  = {Finite {E}lement {A}nalysis of {L}ocalization in {P}lasticity},
     BOOKTITLE = {Finite Elements - Special Problems in Solid Mechanics - Vol. V},
     YEAR    = 1984,
     EDITOR  = {J. T. Oden and G. F. Carey},
     PUBLISHER  = {Prentice Hall Inc.},
     PAGES   = {94--157} }


@CONFERENCE{Onate:87,
     AUTHOR = "E. O\~nate and S. Oller and J. Oliver and J. Lubliner",
     TITLE  = {A {C}onstitutive {M}odel for {C}racking of {C}oncrete based on the {I}ncremental {T}heory of {P}lasticity},
     BOOKTITLE = {Proceedings of the International Conference on Computational Plasticity, Models, Software and Applications},
     YEAR    = 1987,
     EDITOR  = {D. R. J. Owen and E. Hinton and E. O\~nate},
     PUBLISHER  = {Pineridge Press, Swansea},
     PAGES   = {1311--1330} }

@CONFERENCE{Simo:98,
     AUTHOR = "J. C. Simo",
     TITLE  = {Numerical {A}nalysis of {C}lassical {P}lasticity},
     BOOKTITLE = {Handbook of Numerical Analysis, Vol. IV},
     YEAR    = {},
     EDITOR  = {P. G. Ciarlet and J. L. Lions},
     PUBLISHER  = {},
     PAGES   =  {}}

@CONFERENCE{Taylor:38,
     AUTHOR = "G. I. Taylor",
     TITLE  = {Analysis of {P}lastic {S}train in a {C}ubic {C}rystal},
     BOOKTITLE = {Stephen Timoshenko. 60th Anniversary Volume},
     YEAR    = 1938,
     EDITOR  = {J. M. Lessels},
     PUBLISHER  = {Macmillan, New York},
     PAGES   =  {}}

@MANUAL{FEAPmanual,
         AUTHOR= "R. L. Taylor",
         TITLE = {{F}{E}{A}{P} - {A} {F}inite {E}lement {A}nalysis {P}rogram},
         ORGANIZATION = {University of California at Berkeley},
         ADDRESS = {Berkeley, CA},
         MONTH = {September},
         YEAR  = {1999}
        }


@BOOK{Vander:2003,
     AUTHOR = "E. P. Widmaier and H. Raff and K. T. Strang",
     TITLE  = {Vander, Sherman and Luciano's Human Physiology: The Mechanisms of Body Function}, 
     PUBLISHER = "McGraw-Hill, New York",
     YEAR    = 2003,
     EDITION = {9}}

@ARTICLE{TruesdellToupin:60,
     AUTHOR = "P Holder",
     TITLE  = {{A placeholder title}},
     JOURNAL = "J. Placeholder",
     YEAR    = 2000,
     VOLUME  = 6,
     PAGES   = "551--575" }

@ARTICLE{BedfordDrumheller:1983,
     AUTHOR = "P Holder",
     TITLE  = {{A placeholder title}},
     JOURNAL = "J. Placeholder",
     YEAR    = 2000,
     VOLUME  = 6,
     PAGES   = "551--575" }

@ARTICLE{RajagopalWineman:1990,
     AUTHOR = "P Holder",
     TITLE  = {{A placeholder title}},
     JOURNAL = "J. Placeholder",
     YEAR    = 2000,
     VOLUME  = 6,
     PAGES   = "551--575" }

@ARTICLE{Terzaghi:1943,
     AUTHOR = "P Holder",
     TITLE  = {{A placeholder title}},
     JOURNAL = "J. Placeholder",
     YEAR    = 2000,
     VOLUME  = 6,
     PAGES   = "551--575" }

@ARTICLE{deBoer:2000,
     AUTHOR = "P Holder",
     TITLE  = {{A placeholder title}},
     JOURNAL = "J. Placeholder",
     YEAR    = 2000,
     VOLUME  = 6,
     PAGES   = "551--575" }

@ARTICLE{deGrootMazur:1984,
     AUTHOR = "P Holder",
     TITLE  = {{A placeholder title}},
     JOURNAL = "J. Placeholder",
     YEAR    = 2000,
     VOLUME  = 6,
     PAGES   = "551--575" }

@ARTICLE{HarriganHamilton:1993,
     AUTHOR = "P Holder",
     TITLE  = {{A placeholder title}},
     JOURNAL = "J. Placeholder",
     YEAR    = 2000,
     VOLUME  = 6,
     PAGES   = "551--575" }

@ARTICLE{Skalak:81,
     AUTHOR = "P Holder",
     TITLE  = {{A placeholder title}},
     JOURNAL = "J. Placeholder",
     YEAR    = 2000,
     VOLUME  = 6,
     PAGES   = "551--575" }

@ARTICLE{SkalakHoger:96,
     AUTHOR = "P Holder",
     TITLE  = {{A placeholder title}},
     JOURNAL = "J. Placeholder",
     YEAR    = 2000,
     VOLUME  = 6,
     PAGES   = "551--575" }

@ARTICLE{LubardaHoger:02,
     AUTHOR = "P Holder",
     TITLE  = {{A placeholder title}},
     JOURNAL = "J. Placeholder",
     YEAR    = 2000,
     VOLUME  = 6,
     PAGES   = "551--575" }

@ARTICLE{Bilbyetal:1957,
     AUTHOR = "P Holder",
     TITLE  = {{A placeholder title}},
     JOURNAL = "J. Placeholder",
     YEAR    = 2000,
     VOLUME  = 6,
     PAGES   = "551--575" }

@ARTICLE{Lee:1969,
     AUTHOR = "P Holder",
     TITLE  = {{A placeholder title}},
     JOURNAL = "J. Placeholder",
     YEAR    = 2000,
     VOLUME  = 6,
     PAGES   = "551--575" }

@ARTICLE{Lu:1999,
     AUTHOR = "P Holder",
     TITLE  = {{A placeholder title}},
     JOURNAL = "J. Placeholder",
     YEAR    = 2000,
     VOLUME  = 6,
     PAGES   = "551--575" }

@ARTICLE{Armero:99,
     AUTHOR = "P Holder",
     TITLE  = {{A placeholder title}},
     JOURNAL = "J. Placeholder",
     YEAR    = 2000,
     VOLUME  = 6,
     PAGES   = "551--575" }

@ARTICLE{SimoTarnow:1992b,
     AUTHOR = "P Holder",
     TITLE  = {{A placeholder title}},
     JOURNAL = "J. Placeholder",
     YEAR    = 2000,
     VOLUME  = 6,
     PAGES   = "551--575" }

@ARTICLE{Gonzalezphd:1996,
     AUTHOR = "P Holder",
     TITLE  = {{A placeholder title}},
     JOURNAL = "J. Placeholder",
     YEAR    = 2000,
     VOLUME  = 6,
     PAGES   = "551--575" }

@ARTICLE{Reynolds:1903,
     AUTHOR = "O. Reynolds",
     TITLE  = "Papers on mechanical and physical subjects---The sub-mechanics of the Universe", 
     JOURNAL = "Collected Work",
     PUBLISHER = "Cambridge University Press",
     VOLUME = 3,
     YEAR = 1903 }